4470 6158
905 1088 1063 1183 Quando,
1091 1087 1320 1190 quandoque.

281 1362 284 1369 Ι
346 1282 538 1349 Particulam
562 1281 729 1364 „quandd‘
744 1283 831 1364 apud
848 1279 1032 1346 Suetonium
1047 1279 1235 1362 plerumque
1250 1279 1312 1343 vim
1336 1279 1497 1344 causalem
1512 1277 1629 1344 babere
1652 1276 1934 1357 Tracbmannus1)
1958 1277 2038 1342 satis

191 1386 371 1469 explicavit.

345 1487 409 1555 Sed
431 1489 599 1572 genuinam
616 1489 679 1553 viru
704 1487 920 1570 temporalem,
944 1492 981 1553 ut
994 1487 1147 1552 vertenda
1169 1488 1212 1552 sit
1234 1507 1361 1569 „wana
1383 1488 1506 1568 wenu“‚
1530 1506 1593 1552 uno
1616 1487 1685 1553 loeo
1707 1487 1886 1553 servavisse
1901 1487 2041 1567 videtur,

191 1594 245 1659 ubi
268 1593 502 1659 coniunctivum
526 1598 601 1673 post
622 1610 657 1657 se
678 1591 777 1657 habet
799 1611 837 1656 en
860 1591 965 1656 aliena
987 1590 1147 1656 sententia
1170 1592 1380 1673 pendentem:

399 1693 493 1760 Gaib.
521 1696 577 1760 15:
615 1693 840 1761 Liberalitates
862 1680 1003 1759 Neronis
1027 1744 1033 1757 .
1058 1742 1065 1757 .
1089 1714 1127 1757 ea
1151 1694 1335 1758 condicione
1357 1694 1555 1759 reuocandas
1579 1694 1704 1758 curauit
1726 1709 1733 1759 .
1757 1741 1765 1758 .
1788 1697 1825 1757 ut
1846 1693 1875 1758 si
1898 1693 1977 1775 quid
1990 1732 2007 1760 >.
2032 1744 2041 1760 .

397 1798 622 1873 vendidissent,
644 1798 832 1878 auferretur
854 1796 1053 1880 emptoribus
1076 1796 1276 1878 qnando-ilii
1300 1847 1306 1859 .
1330 1846 1337 1861 .
1360 1797 1480 1862 soluere
1501 1797 1680 1879 nequirent.
1767 1830 1770 1835 ·

193 1900 433 1991 „Quandoque‘
456 1902 542 1982 apud
565 1899 751 1966 Suetonium
775 1899 961 1982 plerumque
984 1897 1168 1965 adverbium
1192 1908 1251 1979 est,
1280 1901 1365 1966 idem
1394 1899 1463 1966 fere
1493 1896 1676 1982 significans
1699 1902 1784 1983 quod
1817 1898 2042 1982 „aliquand0“.

192 2004 256 2072 Sed
272 2007 334 2072 tria
349 2010 424 2071 sunt
439 1992 592 2087 exempla,
615 2025 633 2070 e
656 2004 770 2088 quibus
786 2024 882 2070 unum
899 2003 1122 2087 Draegerus²)
1146 2000 1248 2084 affert,
1273 2002 1325 2066 ubi
1348 2004 1578 2069 coniunctionis
1600 2022 1732 2069 munere
1753 2001 1888 2085 iungens
1910 2008 2040 2068 verten-

192 2111 267 2175 dum
291 2116 342 2176 est
363 2129 476 2191 ‚,wenn
498 2107 653 2189 einrnal“;
688 2109 786 2175 etiam
809 2108 859 2174 his
880 2108 959 2174 locis
982 2127 1107 2189 semper
1131 2106 1352 2172 coniunctivus
1374 2107 1517 2188 seqnitur·
1539 2106 1740 2187 particulam,
1772 2109 1848 2188 quia
1873 2107 1978 2173 oratio
2003 2127 2040 2174 es

191 2212 337 2295 obliqua:
616 2268 620 2276 .
809 2282 812 2289 ,
1653 2210 1657 2215 ’
1811 2250 1817 2259 -
1963 2274 1966 2283 .

397 2313 461 2380 Iul.
477 2316 535 2382 26:
559 2314 604 2380 ad
620 2315 779 2398 populum
791 2314 924 2397 ferrent,
947 2319 985 2378 ut
999 2315 1122 2380 absenti
1137 2313 1204 2388 sibi,
1228 2313 1420 2398 quandoque
1441 2313 1569 2395 imperii
1592 2318 1714 2395 ternpus
1736 2316 1859 2396 expleri
1882 2318 2041 2399 coepisset,

396 2413 508 2499 petitio
536 2419 669 2483 secundi
699 2417 884 2486 emendatus
914 2418 1055 2483 daretur.
1101 2417 1164 2482 Iul.
1194 2418 1254 2482 81:
1294 2419 1493 2499 Quandoque
1524 2439 1597 2484 ossa
1623 2417 1744 2501 Capyis
1775 2420 1898 2485 detecta
1928 2427 2041 2504 essent,

395 2522 466 2602 fore
487 2524 525 2585 ut
545 2519 621 2586 Iuio
637 2525 820 2605 proqnatus
842 2570 850 2585 .
873 2574 880 2586 .
902 2525 1081 2586 necaretur.
1130 2519 1244 2587 Claud.
1271 2522 1304 2584 l:
1343 2540 1401 2585 nec
1419 2514 1642 2586 'dissimulasse
1663 2542 1837 2604 numquam
1861 2507 2044 2607 pristinum
2142 2540 2145 2545 ’

155 2700 163 2714 .
396 2644 429 2689 se
451 2623 551 2706 reip.
575 2628 704 2705 statum,
728 2625 919 2706 quaudoque
937 2629 1054 2705 posset,
1078 2625 1310 2690 restituturum.
1726 2708 1729 2713 y

190 2729 227 2805 In
249 2729 351 2810 primo
373 2727 428 2791 illo
451 2727 596 2808 exemplo
618 2726 764 2792 Bromius
790 2725 891 2791 ttolfii
914 2729 1105 2793 sententiam
1126 2735 1256 2794 secutus
1280 2729 1509 2811 „quandoque“
1532 2728 1671 2810 positum
1695 2747 1766 2796 esse
1788 2736 1882 2812 putat
1903 2750 1962 2812 pro
1986 2737 2042 2812 „et

190 2831 349 2914 quand0“‚
380 2830 471 2910 „und
499 2830 590 2894 mnu
612 2834 684 2911 e'rst,
716 2833 853 2908 wanu“;
891 2830 947 2895 sed
976 2830 1052 2895 ruihi
1075 2831 1203 2927 quidem
1226 2849 1286 2895 non
1311 2850 1380 2897 csse
1403 2832 1540 2911 videtur,
1570 2850 1628 2897 cur
1650 2831 1733 2898 bunc
1755 2832 1858 2898 locum
1881 2851 1901 2896 a
1924 2833 2041 2898 ceteris

192 2935 320 3000 differre
343 2933 530 2999 existimem.
1608 2930 1610 2934 ’

1083 3132 1193 3261 sa'

653 3328 924 3408 doninnetioncs
954 3328 1162 3409 iterativacs
1191 3330 1284 3427 dum,
1312 3331 1354 3427 si,
1386 3331 1564 3433 quotiens.

344 3520 380 3584 In
412 3521 596 3585 narratione
626 3538 732 3604 rerum
763 3522 891 3602 saepius
920 3522 1129 3602 repetitarum
1160 3521 1330 3588 Suetonius
1363 3524 1405 3587 ad
1436 3523 1616 3589 inducenda
1648 3524 1813 3589 enuntiata
1851 3522 2041 3590 secundaria

190 3623 293 3687 utitur
316 3622 589 3688 coniunctionibus
614 3640 713 3703 „cum,
737 3625 774 3702 si,
798 3625 942 3706 quotiens
965 3624 1234 3712 (quotiensque)“,
1256 3644 1337 3707 quae
1360 3626 1444 3691 inter
1467 3644 1501 3691 se
1517 3644 1577 3690 non
1593 3626 1739 3692 diversae
1762 3633 1872 3693 nostro
1894 3646 2039 3715 sermone

190 3729 361 3791 vertuntur
383 3744 438 3806 „so
460 3728 515 3808 ott,
533 3724 692 3807 jedesrnai
714 3729 823 3789 weron*
837 3725 875 3807 8).
913 3727 949 3790 In
966 3725 1017 3792 his
1040 3729 1214 3793 enuntiatis
1237 3730 1360 3808 priores
1383 3730 1566 3809 scriptores,
1588 3730 1642 3811 qui
1664 3730 1793 3811 quidem
1817 3729 1867 3796 bis
1891 3731 2040 3796 coniunc·
2127 3712 2133 3723 ’

191 3826 332 3894 tionibus
360 3834 538 3905 uterentur,
572 3829 779 3893 indicativum
803 3846 958 3912 usurpare
980 3830 1133 3911 solebant,
1156 3833 1267 3914 paucis
1290 3831 1367 3896 locis
1389 3832 1451 3895 iam
1475 3831 1586 3898 Cicero
1608 3839 1641 3897 et
1666 3833 1783 3898 Caesar
1805 3821 2040 3899 coniunctivum

192 3931 320 4008 habent,
343 3949 436 4013 quem
459 3933 545 4012 apud
570 3931 691 3995 Livium
717 3939 749 3997 et
779 3932 973 4012 posteriores
996 3932 1242 4016 frequentiorem
1265 3935 1420 4016 paulatim
1443 3933 1513 4001 fieri
1536 3936 1687 4000 videmus.
1734 3935 1828 4016 Apud
1851 3936 2040 4003 Suetonium
2108 3982 2114 3986 -

191 4035 238 4100 ita
260 4054 295 4100 se
317 4052 368 4100 res
391 4034 497 4111 habet,
526 4042 563 4099 ut
581 4035 781 4116 paucissimis
803 4034 881 4100 locis
904 4038 1046 4118 exceptis
1077 4056 1203 4118 semper
1233 4039 1465 4103 coniunctivum
1497 4039 1693 4105 inveniamus
1716 4039 1765 4103 vel
1789 4038 1966 4121 imperfecti
1990 4039 2041 4104 vel

191 4135 504 4219 plusquamperieeti.
552 4135 621 4201 Hoc
644 4139 675 4202 in
700 4137 857 4218 particula
880 4141 991 4217 „cum“
1016 4139 1100 4206 valet
1122 4141 1191 4205 sine
1214 4140 1278 4204 ulla
1305 4143 1499 4223 exceptione.
1545 4143 1641 4207 Cuius
1665 4143 1711 4206 rei
1735 4141 1879 4224 exempla
1901 4143 2041 4226 quinque

191 4239 297 4305 afferri
320 4245 464 4320 possunt,
495 4241 529 4306 in
558 4239 672 4321 quibus
704 4240 834 4305 verbum
858 4242 1015 4308 enuntiati
1048 4244 1197 4323 regentis
1228 4244 1290 4308 nisi
1320 4252 1353 4309 et
1375 4245 1478 4326 ipsum
1503 4246 1739 4310 coniunctivum
1763 4245 1811 4310 vel
1833 4246 1968 4311 formam
1992 4248 2040 4311 in·

192 4340 315 4407 finitam
338 4342 482 4424 praebet,
505 4339 681 4425 imperfecti
704 4342 911 4408 indicativum
934 4342 1048 4410 habet:

397 4441 461 4509 Iul.
484 4445 541 4510 20:
567 4465 637 4511 cum
660 4495 666 4509 .
692 4495 700 4510 .
723 4446 898 4528 sipnarent.
943 4446 1008 4512 Ini.
1032 4449 1089 4514 65:
1114 4451 1305 4515 ruminastis
1328 4499 1358 4515 ..
1382 4455 1469 4515 esset.
1513 4449 1577 4515 Iul.
1601 4451 1657 4516 68:
1681 4471 1747 4516 non
1768 4473 1839 4517 curn
1861 4453 2038 4518 obsideren-

399 4546 452 4612 tur
473 4548 573 4626 modo,
595 4549 653 4613 sed
673 4553 704 4613 et
724 4551 779 4614 si.
806 4601 812 4614 .
837 4550 1021 4616 obsiderent.
1066 4552 1149 4637 Aup.
1173 4553 1215 4619 26
1246 4554 1307 4635 [49,
1334 4555 1401 4632 131;
1434 4574 1504 4619 cunr
1526 4554 1738 4636 deferrentur.
1784 4555 1852 4621 Tib.
1875 4555 1931 4620 68:
1968 4572 2039 4616 curn

398 4653 648 4732 ..patuissent

194 4753 230 4818 In
263 4752 376 4818 horum
407 4755 547 4820 secundo
577 4754 721 4838 exemplo
753 4757 989 4824 animadvertas
1018 4778 1137 4840 quaeso
1171 4762 1380 4827 mutationem
1414 4761 1671 4827 coniunctionum
1701 4782 1741 4829 ex
1764 4761 1908 4827 Suetonii
1931 4760 2038 4824 studio

195 4857 492 4938 „inconcinnitatis“
525 4865 685 4938 exortam3
721 4858 816 4922 simili
840 4861 935 4923 niodo
958 4862 1195 4929 coniunctiones
1218 4865 1287 4945 „si‘
1309 4870 1344 4930 et
1367 4864 1554 4947 „quotiens“
1578 4867 1764 4931 coniunctae
1787 4871 1861 4929 sunt
1885 4866 1962 4945 bug.
1987 4863 2037 4928 tt.

347 4961 380 5024 Is
409 4967 516 5025 autem
547 4960 644 5040 locus,
675 4981 767 5043 quem
800 4972 930 5046 praeter
961 4965 1041 5030 duos
1063 4967 1104 5030 ad
1127 4966 1210 5032 bunc
1233 4985 1322 5032 usum
1347 4968 1571 5034 Suetonianum
1595 4968 1875 5033 demonstrandum
1898 4966 2039 5050 Draege·

193 5080 249 5127 rus
272 5063 382 5128 effert:

398 5164 486 5230 Nero
508 5166 565 5231 26:
591 5187 661 5231 cuna
683 5168 728 5231 ad
748 5190 864 5234 manus
885 5174 1012 5236 uentum
1036 5176 1116 5236 esset
1138 5222 1145 5236 .
1169 5222 1176 5236 .
1199 5173 1300 5238 multa
1323 5178 1353 5238 et
1375 5174 1444 5255 ipse
1465 5174 1540 5238 iecit
1563 5225 1569 5239 .
1593 5225 1600 5239 .

404 5407 422 5463 l.
445 5406 463 5466 l.
487 5427 514 5483 p.
539 5409 578 5465 35
591 5428 656 5482 sqq.
753 5442 757 5447 ·

403 5491 423 5549 l.
447 5491 466 5554 l.
491 5492 531 5550 II.
556 5515 583 5570 p.
607 5496 669 5551 583
684 5514 727 5570 sq.
751 5497 770 5571 ξ
794 5498 863 5553 billi.

401 5578 589 5654 Draeger
610 5578 652 5638 II.
675 5601 704 5657 p.
728 5582 798 5651 574,
821 5582 840 5658 ξ
865 5583 935 5640 498.
962 5586 1029 5679 1.ο.;
1053 5605 1081 5661 p.
1106 5586 1175 5662 733,
1199 5587 1218 5663 ξ
1241 5589 1317 5661 551;
1340 5608 1369 5665 p.
1393 5588 1463 5666 584,
1487 5589 1506 5667 ἓ
1530 5591 1599 5649 501.

350 5405 380 5484 o

348 5490 380 5569 o

346 5579 377 5651 o
