4470 6158
1134 648 1346 713 ..16-

306 838 428 903 mentio
450 836 497 917 fit,
519 856 581 903 non
606 837 708 903 solum
731 837 884 921 temporis
906 843 1060 920 punctum
1083 822 1252 919 significat,
1282 837 1341 902 sed
1364 836 1460 902 etiarn
1483 854 1554 902 cum
1578 855 1617 906 ea
1643 857 1678 904 re
1701 856 1789 920 quae·
1806 843 1956 903 narratur
1979 837 2081 903 artius
2104 855 2159 902 co·

307 938 446 1005 haerens
468 938 563 1005 simul
586 957 715 1004 causam
737 941 969 1022 quodammodo
992 940 1095 1022 atlert,
1117 959 1176 1006 cur
1197 937 1318 1004 Caesar
1340 939 1381 1003 ad
1405 939 1618 1021 suspicionem
1637 941 1798 1005 vitandam
1824 941 2006 1023 spectaculo
2028 939 2160 1022 publico

290 1040 500 1107 interfuerit.
544 1043 659 1124 Itaque
681 1061 870 1125 quamquam
893 1043 971 1109 talia
993 1042 1139 1125 exempla
1162 1042 1394 1108 coniunctionis
1424 1059 1516 1123 „cum
1539 1041 1704 1107 historici“
1727 1060 1798 1108 cum
1822 1042 1998 1108 indivativo
2020 1039 2158 1123 perlecti

307 1144 495 1209 coniunctae
518 1145 604 1225 apud
626 1143 707 1209 alios
730 1146 904 1227 scriptores
926 1165 989 1210 ιιοιι
1013 1145 1108 1227 plane
1131 1146 1248 1212 desunt
1262 1142 1314 1226 (cf.
1332 1144 1422 1211 Caes.
1446 1143 1517 1210 bell.
1530 1143 1615 1230 gall.
1639 1143 1710 1209 Vll.
1732 1144 1785 1224 35,
1807 1146 1837 1210 5.
1859 1144 1932 1211 bell.
1955 1145 2014 1210 civ.
2037 1143 2079 1210 Il.
2104 1145 2157 1226 17,

307 1244 352 1327 3),
375 1250 409 1311 et
431 1238 619 1329 quamquam
643 1246 799 1328 Halius1)
829 1247 913 1313 hunc
935 1246 1079 1313 Suetonii
1109 1247 1213 1314 locum
1246 1247 1331 1312 inter
1360 1247 1511 1333 reliquias
1543 1246 1728 1312 vetustioris
1759 1246 1916 1313 enuntiati
1939 1245 2095 1312 narrativi
2116 1265 2163 1313 ιιι

247 1438 251 1443 ὓ
306 1347 592 1431 particula„cum‘
595 1350 795 1430 ‘pendentis
817 1349 930 1415 afferre
945 1369 1008 1415 non
1031 1350 1202 1430 dubitavit,
1225 1357 1329 1416 tamen
1354 1348 1541 1415 aSuetnnio
1557 1348 1642 1414 bunc
1663 1351 1849 1416 vetustioris
1871 1350 2042 1416 latinitatis
2064 1367 2158 1445 usum

306 1451 445 1516 alienum
468 1468 539 1517 esse
565 1453 794 1533 contenderim.
903 1509 907 1516 .

460 1540 603 1636 Denique
625 1556 665 1620 de
687 1556 734 1621 eis
755 1555 834 1620 locis
855 1554 1023 1635 dicendum
1045 1571 1116 1618 esse
1139 1554 1277 1633 videtur,
1307 1551 1361 1617 ubi
1385 1551 1555 1618 Suetonius
1585 1551 1793 1616 indicativum
1826 1548 1959 1631 perfecti
1989 1512 2160 1631 usurpavit

306 1660 380 1736 post
395 1655 629 1737 particulam„
630 1657 712 1722 οιιιιιι
714 1656 872 1722 ‘adiectis
891 1656 1076 1737 adverbiis,
1079 1656 1228 1737 ,interim
1252 1661 1393 1738 repente,
1416 1654 1568 1736 quidem“
1581 1653 1620 1735 2).
1667 1653 1766 1736 „Cum
1790 1653 1938 1720 interim“
1960 1654 2040 1736 legit
2039 1671 2079 1718 ur
2093 1671 2160 1723 uno

304 1756 385 1837 loco,
408 1758 462 1823 ubi
485 1758 622 1824 Rotbius
644 1759 691 1824 sic
713 1758 860 1841 scripsit:
1216 1782 1220 1788 ·

517 1856 631 1924 Claud.
655 1860 692 1924 6:
717 1911 723 1924 .
748 1911 755 1924 .
778 1865 888 1926 notam
902 1860 1064 1926 ebrietatis
1079 1868 1203 1943 quoquc
1218 1860 1354 1944 etoleno
1367 1860 1541 1941 infamiam
1556 1859 1660 1924 subiit.
1708 1856 1788 1925 Cam
1803 1859 1940 1937 interim,
1963 1878 2160 1940 quamquam

511 1961 568 2026 boc
590 1962 681 2027 modo
703 1964 821 2046 aptati,
843 1983 1019 2044 numquam
1040 1966 1099 2028 aut
1122 1962 1265 2045 officium
1287 1966 1348 2028 aut
1367 1964 1546 2028 reverentia
1563 1962 1693 2045 publice
1715 1962 1827 2043 defait.
1909 1974 1914 1983 ·

301 2061 398 2129 Hanc
421 2064 554 2130 editoris
576 2064 733 2130 rationem
754 2064 1012 2147 interpungendi,
1044 2066 1197 2147 quiante
1229 2065 1342 2146 ‚,cum“
1372 2073 1526 2145 punctum
1557 2066 1667 2146 posuit
1695 2083 1873 2147 novumque
1902 2069 1999 2144 caput
2028 2064 2160 2145 incepit,

304 2165 441 2249 probare
463 2185 524 2231 non
549 2185 690 2248 possum,
712 2168 771 2234 sed
792 2186 851 2250 pro
874 2175 992 2250 puncto
1015 2184 1138 2233 comma
1160 2169 1340 2249 ponendum
1364 2184 1435 2233 esse
1457 2176 1553 2248 puto;
1586 2187 1659 2233 nam
1682 2169 1826 2250 quamvis
1849 2166 1920 2231 laxa
1944 2167 1988 2230 sit
2009 2165 2159 2231 enuntia·

173 2352 179 2361 ι
304 2276 409 2334 torum
432 2269 622 2349 coniunctio,
645 2276 732 2337 certe
755 2272 955 2335 enuntiatum
974 2269 1197 2335 secundarium
1221 2276 1280 2346 est,
1305 2271 1390 2351 quod
1412 2288 1432 2334 a
1455 2269 1551 2336 verbo
1568 2273 1680 2352 ,‚cum“
1703 2271 1831 2334 initium
1854 2259 1957 2349 capit.
1993 2269 2062 2333 Iam
2085 2286 2159 2334 cum

304 2370 365 2436 hoc
387 2369 457 2437 loco
478 2368 616 2463 alterum
638 2371 783 2438 conferre
804 2389 985 2454 possumus,
1009 2371 1077 2436 Tib.
1102 2371 1153 2453 63,
1186 2372 1240 2437 ubi
1273 2359 1411 2452 scriptor
1439 2379 1514 2454 post
1537 2373 1648 2438 eadem
1672 2372 1769 2438 verba
1791 2390 1883 2450 ..eum
1907 2369 2056 2443 interim“
2082 2386 2160 2435 con-

304 2474 482 2540 iunctivum
504 2474 623 2555 posuit,
646 2474 819 2555 respiciens
842 2474 943 2556 magis
965 2473 1107 2565 actiones
1137 2475 1222 2539 inter
1253 2492 1288 2539 se
1311 2470 1464 2539 adversas
1486 2493 1581 2556 quam
1613 2481 1756 2556 tempore
1779 2475 1976 2554 coniunctas,
2006 2475 2041 2539 id
2073 2473 2160 2556 quod

303 2575 401 2641 ctiam
424 2578 511 2658 apud
525 2575 711 2642 Ciceronem
734 2576 877 2659 aliosque
897 2575 968 2641 fieri
989 2574 1170 2657 Draegerus
1194 2574 1355 2657 docuit³).
1400 2576 1487 2642 Illud
1509 2595 1601 2657 „cum
1625 2576 1808 2643 inversum“
1832 2576 1916 2659 quod
1938 2581 2073 2642 vocatur
2095 2593 2159 2641 non

271 2682 274 2687 '
304 2676 377 2759 plus
400 2696 464 2743 nno
486 2676 751 2744 loco-Suetonius
774 2678 936 2744 adhibuit:

512 2795 606 2863 Galo.
630 2797 685 2863 10:
715 2799 810 2863 nauis
835 2796 1009 2863 Dertosam
1039 2797 1169 2883 appulit
1190 2798 1197 2861 ζ
1222 2847 1229 2863 .
1251 2803 1289 2862 ιιι
1317 2800 1438 2864 nemini
1467 2799 1597 2864 dubium
1628 2804 1709 2864 esset
1729 2801 1850 2892 iustum
1881 2849 1888 2864 .
1913 2847 1920 2863 .
1943 2784 2061 2864 bellam·
2084 2817 2160 2863 sus·

388 2910 391 2914 ’
508 2899 591 2980 cipi‚·
613 2920 684 2966 cum
704 2905 834 2982 repente
856 2921 896 2965 ea
916 2902 1086 2981 inopinato
1103 2920 1208 2983 prope
1231 2907 1349 2967 cuncta
1373 2901 1502 2967 turbata
1523 2902 1607 2966 sunt.

305 3018 429 3085 Vocula
453 3037 544 3101 „cum
567 3019 716 3100 quidem“
739 3039 810 3086 cum
833 3021 1008 3103 indicativo
1030 3019 1165 3100 perlecti
1188 3022 1357 3087 coniuncta
1378 3021 1428 3087 bis
1449 3023 1535 3103 apud
1560 3021 1745 3088 Suetonium
1768 3010 1964 3086 invenimus:

508 3137 572 3203 Ιιιι.
595 3139 653 3206 50:
677 3140 792 3205 adme
814 3192 820 3205 .
844 3190 852 3204 .
875 3138 1056 3221 Serviliam,
1076 3134 1132 3204 cui
1148 3140 1160 3205 ’.
1183 3190 1190 3204 .
1208 3142 1351 3222 praedia
1373 3162 1412 3206 ea
1426 3142 1628 3207 auctionibus
1642 3142 1755 3206 bastae
1769 3140 1900 3205 minimo
1916 3141 2064 3218 addici&
2087 3159 2160 3206 cum

509 3242 635 3323 quidem
658 3288 697 3305 ..
726 3243 920 3324 facetissime
954 3242 1125 3309 Cicero..
1151 3243 1221 3324 Quo
1249 3244 1372 3325 melius,
1401 3245 1516 3326 inquit,
1547 3249 1685 3325 emptam
1713 3244 1834 3325 sciatis,
1867 3242 1979 3308 Tertio
2009 3241 2158 3309 deducta.

516 3342 576 3408 Vtt.
600 3343 637 3408 8:
667 3364 726 3408 aec
757 3348 893 3408 ante..
924 3344 1022 3408 rediit
1044 3364 1141 3425 quam
1169 3345 1331 3430 tlcqrante
1362 3346 1571 3412 triclinio.
1572 3366 1684 3425 ‚cam
1717 3346 1844 3428 quidem
1873 3344 2156 3411 consternatis..

511 3445 654 3511 comibus
676 3444 781 3524 Bono,
802 3447 918 3529 inquit,
941 3447 1049 3510 animo
1070 3449 1187 3512 estote!

302 3546 393 3614 Haec
415 3549 582 3615 enuntiata
604 3550 762 3630 quomodo
778 3548 966 3631 explicanda
982 3549 1056 3629 sint,
1079 3548 1303 3632 Dracgerus⁴)
1326 3506 1458 3633 indicat,
1433 3555 1552 3618 tcum
1575 3552 1608 3618 in
1633 3553 1798 3618 enuntiato
1822 3551 2012 3618 secundario
2034 3549 2158 3616 factum

303 3650 411 3717 inesse
432 3649 520 3732 dicit,
552 3652 656 3733 quod
671 3650 791 3717 lactum
821 3651 1008 3733 primarium
1028 3651 1188 3733 suppleat
1217 3661 1251 3718 et
1282 3653 1438 3734 absolvat,
1469 3672 1541 3720 curn
1573 3655 1679 3737 aliqua
1708 3674 1770 3719 vox
1791 3653 1873 3719 illud
1901 3653 1968 3720 fact
1953 3659 2021 3720 tum
2044 3659 2157 3719 secuta

303 3759 586 3834 commemoretur;
617 3753 726 3836 itaque
755 3751 837 3818 illud
866 3771 993 3834 semper
1021 3754 1156 3835 exprimi
1190 3753 1287 3820 verbo
1319 3754 1454 3822 dicendi.
1501 3757 1565 3823 Sed
1594 3758 1647 3824 hic
1669 3777 1793 3840 quoque
1815 3757 1969 3824 afferendi
1992 3764 2068 3821 sunt
2054 3757 2158 3821 tduo

302 3855 365 3921 loci
390 3855 520 3935 similes,
543 3854 596 3921 ubi
619 3862 694 3937 post
708 3855 805 3921 verba
820 3872 912 3936 „cum
928 3856 1079 3937 quidem“
1095 3854 1267 3924 Suetonius
1283 3860 1516 3925 coniunctivum
1533 3862 1657 3942 posuit,
1672 3879 1765 3942 quem
1781 3861 1867 3942 apud
1883 3859 1964 3925 alios
1979 3857 2156 3939 scriptores

303 3959 440 4025 inveniri
464 3978 619 4041 nusquam
641 3965 920 4026 commemoratum
942 3959 1054 4039 video:
1077 3972 1153 4026 sunt
1173 3970 1282 4027 autem
1305 3980 1345 4027 ea
1367 3963 1527 4045 exempla:

510 4079 594 4162 Aaq.
618 4077 676 4144 26:
701 4077 932 4144 consulatum.
957 4127 964 4143 .
987 4098 1075 4143 anno
1104 4080 1225 4145 ιἰιιιαειι
1247 4130 1254 4145 .
1277 4129 1285 4145 .
1308 4081 1412 4147 misas
1440 4083 1496 4164 qui
1524 4082 1584 4149 stoi
1613 4133 1652 4148 ..
1677 4084 1899 4164 deposcereat;
1928 4102 1999 4146 com
2027 4081 2157 4163 quidem

510 4231 518 4246 .
541 4230 549 4246 .
566 4182 724 4263 princeps
745 4181 914 4264 lepationis
937 4231 943 4246 .
968 4228 976 4244 .
998 4201 1065 4245 non
1087 4180 1263 4248 dubitasset
1285 4232 1292 4244 .
1316 4232 1323 4247 .
1347 4184 1471 4249 dicere:
1493 4184 1559 4249 Hic
1579 4184 1681 4267 faciet
1702 4190 1761 4250 etc

305 4301 376 4368 Hoc
398 4300 468 4368 loco
490 4301 627 4383 scriptor
650 4301 852 4366 coniunctivo
875 4317 951 4365 usus
973 4318 1045 4366 esse
1066 4302 1203 4382 ridetur,
1232 4303 1308 4386 quia
1337 4314 1466 4383 praeter
1494 4301 1717 4385 explicativam
1750 4302 1846 4367 etiam
1870 4301 2031 4368 causalem
2054 4322 2156 4386 quan·
2192 4306 2195 4311 ’

305 4407 380 4470 darn
410 4405 474 4469 vim
504 4404 536 4468 in
566 4404 733 4469 enuntiato
762 4403 950 4469 secundario
981 4403 1087 4468 inesse
1116 4402 1227 4469 voluit.
1271 4404 1385 4470 Paullo
1417 4406 1511 4472 aliter
1533 4424 1585 4471 res
1607 4404 1763 4471 sehabet
1784 4403 1886 4470 altero
1908 4404 1989 4486 loco,
2012 4404 2066 4471 ubi
2089 4424 2153 4472 non

308 4514 358 4575 est
380 4506 511 4573 verbum
535 4505 671 4587 dicendi,
694 4507 779 4587 quod
802 4525 841 4571 ex
863 4507 1083 4572 coniunctione
1104 4509 1240 4589 pendet:

513 4607 580 4672 Tio.
600 4610 654 4673 14:
681 4605 914 4690 lbrasyttum'.
937 4657 944 4671 .
969 4612 1036 4672 tum
1055 4609 1357 4692 macimcccpcrtas
1372 4617 1427 4690 cst,
1450 4612 1669 4695 affimmntem
1690 4658 1697 4672 .
1722 4662 1728 4677 .
1750 4611 1907 4694 quodiam
1927 4611 2061 4691 offam
2085 4632 2157 4677 cam

513 4710 639 4792 quidem
662 4710 751 4775 illum
774 4759 782 4774 .
806 4761 813 4775 .
835 4715 873 4774 ιιι
891 4710 1014 4791 falsum
1037 4760 1043 4774 .
1067 4758 1073 4770 .
1091 4713 1370 4793 praecipitarem
1392 4734 1480 4778 mare
1501 4714 1700 4779 destinasset.

307 4831 424 4897 Hicin
448 4830 612 4896 enuntiato
641 4830 829 4896 secundario
858 4849 921 4895 non
952 4831 1072 4896 dictum
1095 4831 1235 4913 aliquod,
1267 4833 1324 4899 sed
1357 4834 1522 4899 consilium
1554 4834 1758 4916 imperatoris
1789 4851 1976 4915 expressum
1998 4839 2058 4914 est,
2091 4853 2155 4916 quo

308 4935 500 5000 antecedens
522 4933 602 4998 illud
626 4944 800 5015 „expertus
822 4933 891 4998 est“
914 4933 1033 5000 ironice
1056 4936 1177 5002 dictum
1201 4935 1388 5016 explicatur.

309 5091 441 5100 —-—-—
556 5088 614 5096 ...—

465 5189 496 5270 1)
521 5190 570 5248 W.
602 5189 638 5249 G.
669 5190 785 5277 Hele,
822 5190 881 5250 Die
914 5189 1293 5269 (lum-Constructionem
1330 5192 1488 5252 iibersetzt
1521 5213 1581 5253 von
1614 5193 1652 5251 A.
1685 5192 1832 5253 Neitzort.
1897 5190 2026 5273 Leipzig
2061 5197 2154 5255 1891.

520 5354 770 5419 Kahner112.
793 5380 822 5436 p.
845 5361 916 5437 886,
939 5360 958 5437 ξ
981 5362 1051 5437 203,
1074 5363 1103 5420 4.
1147 5361 1333 5440 Draegsr
1355 5362 1397 5423 II.
1419 5384 1449 5442 p.
1471 5365 1532 5423 567
1557 5382 1623 5439 sqq.
1646 5362 1666 5440 ξ
1688 5364 1749 5421 497
1774 5363 1812 5421 D.
1838 5365 1864 5433 1,
1888 5365 1916 5440 3,
1940 5364 1975 5423 E.

411 5279 482 5338 251.

463 5364 482 5421 2

464 5445 497 5527 3)
520 5445 709 5522 Draeger
731 5444 772 5503 H.
795 5465 824 5523 p.
848 5447 918 5520 577,
941 5446 961 5522 S
983 5448 1054 5523 498,
1078 5449 1106 5506 3.

464 5532 497 5611 4)
520 5531 705 5609 Draeger
726 5531 745 5589 l.
768 5530 786 5590 l.
809 5530 850 5589 11.
874 5550 902 5607 p.
926 5532 997 5608 568,
1019 5532 1039 5608 ξ
1061 5533 1123 5591 497
1147 5532 1185 5591 D.
1208 5533 1236 5591 3.
