4470 6158
89 941 225 1017 ‚dicendi
247 941 404 1023 pellectus
426 948 537 1023 partes
559 942 639 1022 eius,
662 942 753 1007 cuius
775 942 825 1008 vel
848 943 1024 1008 sententias
1046 940 1096 1007 vel
1119 942 1218 1008 verba
1239 949 1359 1024 narrat,
1391 943 1568 1024 smcipieus
1591 943 1662 1024 ipse
1684 945 1772 1024 dicit,
1796 948 1883 1028 quod
1905 945 1947 1013 ab

98 1044 154 1111 illo
184 1044 247 1111 dici
275 1062 293 1110 e
321 1045 553 1115 sententiarum
580 1063 664 1111 nexu
693 1043 946 1126 exspectamus.“
997 1045 1221 1127 Draegerus1)
1251 1045 1334 1111 hauc
1367 1044 1492 1110 dicendi
1525 1046 1786 1114 consuetudinem
1808 1050 1851 1114 ad
1874 1068 1950 1116 con·

99 1146 294 1213 iunctionem
317 1146 435 1228 „dum“
457 1147 670 1229 pertinentem
693 1165 961 1229 commemoratae,
993 1167 1088 1230 quam
1114 1148 1202 1229 apud
1224 1146 1370 1213 Tacitum
1392 1138 1479 1211 baud
1501 1164 1606 1211 raram
1629 1166 1701 1214 esse
1724 1150 1834 1233 docet,
1865 1151 1951 1218 inter

100 1267 154 1315 eos
176 1250 232 1332 qui
254 1249 314 1314 hoc
336 1250 511 1315 indicativo
525 1245 734 1329 abstineant,
765 1249 952 1315 Suetonium
981 1268 1108 1332 quoque
1131 1268 1202 1315 esse
1223 1249 1311 1315 dicit.
1355 1249 1427 1327 Qua
1448 1248 1480 1314 in
1507 1268 1541 1315 re
1563 1267 1636 1315 eum
1659 1252 1816 1317 erravisse
1838 1271 1878 1319 ex
1898 1254 1950 1321 his

99 1350 225 1417 duobus
254 1351 407 1434 exemplis
438 1352 518 1418 satis
546 1370 704 1435 apparere
731 1352 875 1430 videtur3
907 1353 970 1418 nisi
1000 1353 1072 1435 quis
1100 1351 1184 1418 forte
1213 1370 1271 1433 pro
1301 1350 1456 1416 indicatio
1486 1351 1673 1432 (spatiatur,
1704 1356 1853 1436 canaam)
1876 1375 1950 1422 cou-

98 1454 276 1520 iunctivum
300 1453 521 1536 (enodaretur,
542 1455 728 1537 conaretur)
751 1457 984 1540 emendandum
1007 1472 1078 1522 esse
1101 1454 1272 1520 existimat.
1310 1453 1403 1531 Quod
1418 1453 1563 1534 quamvis
1584 1454 1646 1519 leri
1668 1456 1845 1522 mutatione
1867 1454 1949 1523 effici

98 1557 212 1639 possit,
235 1563 341 1623 tamen
356 1557 452 1639 plane
467 1556 580 1623 inutile
594 1563 656 1640 est,
677 1559 866 1641 praesertim
883 1578 954 1626 cum
971 1564 1099 1641 praeter
1120 1555 1262 1622 causalia
1283 1556 1381 1622 etiam
1403 1555 1435 1620 iu
1458 1555 1531 1621 aliis
1553 1557 1729 1623 enuntiatis
1751 1560 1950 1626 secundariis

99 1660 256 1726 orationis
277 1658 425 1742 obliquae
449 1659 620 1743 Suetonius
643 1661 724 1727 satis
747 1679 843 1744 saepe
864 1662 1069 1727 indicativum
1091 1658 1210 1725 habeat
1230 1678 1290 1741 pro
1312 1658 1523 1724 coniunctivo.

254 1763 444 1829 Necessaria
472 1769 581 1829 autem
610 1764 771 1829 contraria
800 1763 890 1830 verbi
926 1762 1134 1830 commutatio
1172 1760 1250 1826 mihi
1288 1779 1358 1826 esse
1394 1761 1522 1826 videtur
1557 1760 1622 1839 alio
1657 1762 1744 1844 loco,
1782 1760 1837 1828 ubi
1875 1762 1950 1829 libri

23 1928 28 1935 .
99 1865 267 1931 exhibent:

303 1967 387 2050 Aaq
411 1968 469 2032 78:
501 1965 557 2031 Sic
578 1986 701 2048 quoque
722 1987 818 2073 saepe
845 1965 994 2049 indiqens
1021 1965 1141 2045 amani,
1172 1969 1203 2030 et
1223 1964 1379 2047 damper
1400 1948 1949 2050 aiaosdeportareturetdepoaita

307 2069 419 2134 lectica
440 2068 526 2133 irater
535 2068 676 2153 aliquas
697 2068 805 2134 moras
828 2066 1070 2133 condormiebat.

98 2172 147 2238 Ibi
171 2190 228 2237 cur
249 2171 467 2249 coniunctivus
489 2176 629 2252 ponatur
650 2188 721 2236 curu
744 2188 875 2236 causam
902 2188 966 2233 non
996 2187 1067 2258 esse
1095 2169 1279 2244 videamus,
1309 2173 1366 2234 aut
1370 2168 1556 2253 legendum
1580 2173 1629 2234 est
1652 2150 1728 2235 dum
1750 2138 1948 2254 deportatur,

98 2276 267 2340 uteadem
291 2274 334 2338 sit
356 2273 552 2340 constructio
574 2280 671 2356 atque
692 2273 746 2338 illo
768 2273 838 2339 loco
859 2271 971 2353 (Vesp.
996 2272 1071 2354 21),
1102 2271 1143 2337 de
1174 2290 1237 2352 quo
1266 2270 1374 2352 paullo
1403 2288 1501 2407 supra
1528 2269 1684 2371 diximus;
1715 2280 1772 2339 aut
1802 2292 1873 2339 aum
1895 2276 1948 2342 de·

95 2380 294 2459 portaretur,
317 2378 351 2441 id
373 2377 458 2458 quod
479 2375 557 2441 mihi
579 2377 683 2441 miuus
706 2375 869 2456 probatur.

674 2544 833 2611 Ilum:
856 2560 902 2608 ao
926 2542 1049 2624 lanqe
1071 2540 1139 2606 ala
1160 2540 1376 2626 (quamdiu).

252 2684 289 2749 Ιιι
313 2684 416 2765 ipsius
440 2682 584 2748 Suetonii
606 2683 752 2748 oratione
775 2682 903 2746 omuino
922 2681 1039 2745 desunt
1061 2679 1217 2744 eiusmodi
1243 2679 1384 2761 periodi,
1414 2680 1445 2743 in
1477 2677 1593 2760 quibus
1624 2678 1704 2760 haec
1732 2682 1781 2748 vis
1810 2684 1843 2748 iu
1875 2702 1978 2765 (ιιι-Ι

97 2788 260 2854 iunctione
282 2788 377 2864 insit;
399 2786 605 2852 inveniuntur
627 2791 733 2850 autem
756 2784 880 2849 duobus
902 2782 991 2862 locis,
1013 2779 1068 2847 ubi
1091 2800 1173 2863 qnae
1196 2783 1268 2864 quis
1291 2782 1374 2847 alius
1388 2781 1470 2847 dixit
1486 2781 1535 2847 vel
1550 2783 1592 2846 ad
1607 2782 1739 2848 verbum
1754 2785 1804 2850 vel
1819 2785 1948 2868 obliqua

96 2892 242 2956 oratione
269 2889 457 2955 referuntur.
509 2889 547 2953 In
577 2894 714 2969 utroque
746 2885 892 2968 exemplo
920 2891 988 2973 tota
1002 2879 1169 2966 ‘periodus'
1199 2884 1241 2948 ad
1273 2891 1398 2966 tempus
1427 2883 1570 2948 laturum
1600 2892 1744 2965 spectat,
1773 2888 1822 2952 ita
1851 2895 1888 2954 ιιι
1914 2891 1948 2954 in

97 2994 242 3058 oratione
265 2994 388 3077 directa
409 2991 603 3056 indicativus
624 2988 735 3070 futuri,
767 2990 800 3054 in
828 2987 958 3071 obliqua
986 2987 1207 3053 coniunctivus
1241 2985 1418 3068 imperfecti
1444 2985 1635 3066 particulam
1658 2998 1820 3070 sequatur.
1865 2989 1947 3057 Sunt
2036 2990 2039 2995 ⁴

97 3104 204 3162 autem
227 3095 300 3176 loci,
322 3113 456 3176 quorum
478 3091 562 3158 alter
583 3111 622 3159 ex
646 3093 784 3174 Augusti
806 3092 918 3170 literis,
941 3090 1026 3156 alter
1047 3108 1086 3155 ex
1109 3089 1253 3156 eiusdem
1276 3089 1382 3155 edicto
1405 3095 1551 3170 sumptus
1574 3098 1633 3168 est,
1655 3090 1704 3156 bi:

308 3213 423 3278 Claud.
445 3213 482 3277 4:
515 3211 676 3278 Tiberium
698 3211 932 3278 adulescentem
953 3230 1111 3294 epasmo,
1140 3209 1218 3289 dum
1240 3213 1275 3274 tu
1297 3208 1409 3287 aberis
1440 3207 1553 3272 cotidie
1574 3208 1716 3282 invitabo
1737 3212 1782 3277 ad
1804 3231 1947 3279 caenam.

304 3315 386 3397 Auq.
411 3316 467 3380 31:
490 3315 662 3396 ‚professas
684 3314 786 3379 edicto
809 3317 1016 3378 commentum
1036 3332 1069 3377 se
1089 3312 1134 3390 id,
1154 3316 1195 3377 ut
1215 3311 1260 3375 ad
1279 3311 1407 3376 iliorum
1428 3309 1515 3396 reiut
1536 3311 1699 3393 enmnplar
1720 3318 1752 3379 et
1772 3315 1850 3397 urse,
1872 3317 1949 3382 dum

302 3418 428 3494 vianet,
451 3421 482 3480 et
501 3417 737 3498 insequentium
758 3417 913 3481 aetatium
930 3415 1099 3496 principes
1121 3415 1325 3497 eriperentur
1347 3434 1369 3477 a
1391 3413 1520 3479 civibus.

97 3538 164 3602 Iam
189 3535 242 3602 hic
264 3535 383 3602 addere
405 3536 483 3602 mihi
503 3535 601 3602 liceat
622 3537 762 3618 reliquas
785 3538 925 3603 eiusdem
949 3527 1198 3618 significationis
1214 3536 1463 3616 coniunctiones,
1494 3540 1674 3615 quaesunt
1696 3534 1816 3615 „donec
1839 3537 1946 3619 quoad

97 3637 278 3721 quamdiu“,
311 3638 499 3705 Suetonium
528 3638 624 3722 plane
654 3640 809 3720 evitasse,
840 3645 1067 3721 praeterquam
1097 3639 1182 3719 quod
1204 3657 1268 3703 uno
1292 3637 1361 3703 loco
1383 3637 1455 3719 ipsa
1477 3637 1682 3718 imperatoris
1704 3636 1825 3704 Tiberii
1847 3639 1944 3705 verba
2024 3659 2027 3663 ·

17 3806 20 3811 .
96 3740 232 3807 afferens
256 3741 448 3823 particulam
473 3741 665 3823 „quamdiu“
689 3760 759 3806 cum
782 3741 983 3809 coniunctivo
998 3738 1303 3822 plusquamperfecti
1318 3759 1377 3822 pro
1392 3739 1501 3806 futuro
1517 3745 1630 3806 exacto
1651 3740 1759 3821 posito
1781 3742 1946 3825 coniungit

96 3852 194 3927 atque
217 3844 311 3909 dicit:

304 3945 371 4011 Tib.
394 3945 435 4009 67
445 3967 452 4010 :
484 3965 554 4011 cum
584 3946 633 4009 ait
660 3946 793 4010 similem
821 3966 855 4009 se
878 3965 1002 4029 seraper
1022 3945 1075 4011 sui
1095 3945 1244 4025 futurum
1265 3941 1497 4027 menumquam
1518 3948 1717 4010 mutaturam
1737 3965 1840 4010 mores
1861 3966 1945 4025 suos,
1980 3936 1983 3940 ’

301 4048 457 4130 quamdiu
475 4067 578 4112 sanae
598 4048 714 4112 mentia
733 4047 859 4129 fuisset.
1966 4036 1969 4043 ’

785 4214 877 4281 num
900 4197 944 4268 ὲ
965 4231 1009 4280 ao
1034 4215 1157 4298 raupa
1183 4215 1257 4280 am.

248 4354 352 4420 Huius
375 4353 617 4437 significationis
640 4355 702 4418 duo
724 4360 801 4419 sunt
822 4354 889 4419 loci.
906 4351 1102 4433 Suetoniaui,
1125 4371 1260 4435 quorum
1283 4370 1365 4417 unus
1387 4352 1484 4418 habet
1506 4354 1711 4420 indicativum
1734 4351 1854 4419 futuri:

301 4455 367 4520 Tib.
391 4458 448 4521 24:
471 4455 560 4521 Dum
581 4455 707 4521 veniam
729 4455 774 4519 ad
793 4455 830 4519 ia
852 4459 983 4536 marma,
1006 4475 1067 4536 quo
1090 4461 1150 4520 etc.

94 4560 143 4625 Ibi
166 4559 249 4624 enim
272 4577 310 4622 ex
332 4560 396 4639 eis,
426 4578 506 4642 quae
530 4559 741 4634 antecedunt,
771 4560 812 4622 ad
835 4557 955 4623 Tiberii
984 4557 1081 4622 verba
1103 4557 1301 4623 enuntiatum
1325 4557 1549 4623 secundarium
1572 4576 1643 4623 cum
1665 4556 1774 4623 futuro
1797 4565 1942 4640 tempore
1974 4604 1977 4609 -

94 4662 183 4728 verbi
206 4663 253 4727 sic
274 4658 342 4726 fere
365 4648 579 4744 supplendum
601 4671 669 4726 est:
699 4661 888 4742 „imperium
912 4658 1055 4725 tenebo“.
1102 4660 1212 4725 Altero
1234 4659 1304 4725 loco
1328 4659 1479 4741 legimus:

299 4777 388 4845 Nero
403 4781 462 4846 48:
485 4801 524 4845 aa
541 4800 723 4862 parumper
736 4783 956 4857 commoratus,
975 4779 1050 4844 dum
1074 4778 1293 4846 clandestinus
1314 4780 1360 4845 ad
1379 4778 1488 4844 odiam
1509 4779 1661 4843 introitus
1678 4785 1858 4859 pararetur
1879 4789 1940 4849 etc.

94 4878 144 4961 Ibi
166 4899 385 4963 coniunctivus
406 4898 586 4979 imperfecti
602 4899 792 4980 particulam
809 4900 965 4982 sequitur,
987 4900 1062 4982 quia
1084 4919 1147 4965 non
1170 4899 1272 4964 solum
1289 4897 1505 4980 temporalem,
1528 4899 1586 4963 sed
1608 4897 1706 4965 etiam
1727 4896 1856 4965 finalem
1878 4903 1941 4968 ιιιιι

95 4997 192 5064 habet
214 5002 414 5067 enuntiatum
437 5002 670 5067 secundarium.

952 5152 1085 5222 Donec.

248 5270 337 5336 Haec
359 5274 539 5339 coniunctio
561 5242 662 5356 aeque
685 5280 782 5357 atque
804 5292 844 5340 ea
866 5275 906 5340 de
929 5293 993 5357 qua
1014 5274 1122 5357 paullo
1144 5273 1229 5340 inira
1251 5274 1403 5354 dicemus,
1425 5273 1583 5356 „quoad“,
1605 5294 1760 5359 nusquam
1783 5279 1939 5343 remanda

94 5381 200 5438 estro
223 5372 317 5455 iaaqe
339 5373 406 5456 als,
437 5375 494 5442 sed
518 5395 643 5458 semper
664 5378 750 5459 apud
773 5376 961 5444 Suetonium
984 5378 1065 5443 idem
1090 5377 1175 5442 valet
1197 5378 1282 5459 quod
1304 5383 1449 5442 nostrum
1471 5396 1506 5443 ιο
1529 5376 1622 5461 lanqe
1644 5376 1704 5457 bis,
1736 5378 1784 5444 bia
1806 5379 1940 5447 endiicla

250 5624 990 5719 1)...1.1mpaoa‚saoc,m
