<?xml version="1.0" encoding="UTF-8"?>
<!DOCTYPE html PUBLIC "-//W3C//DTD XHTML 1.0 Transitional//EN"
    "http://www.w3.org/TR/xhtml1/DTD/xhtml1-transitional.dtd">
<html xmlns="http://www.w3.org/1999/xhtml" xml:lang="en" lang="en">
 <head>
  <title>
</title>
<meta http-equiv="Content-Type" content="text/html;charset=utf-8" />
  <meta name='ocr-system' content='tesseract 3.04.00' />
  <meta name='ocr-capabilities' content='ocr_page ocr_carea ocr_par ocr_line ocrx_word'/>
</head>
<body>
  <div class='ocr_page' id='page_1' title='image "./decsuetoniitran00dpgoog_0019.png"; bbox 0 0 4470 6158; ppageno 0'>
   <div class='ocr_carea' id='block_1_1' title="bbox 0 0 2240 6148">
    <p class='ocr_par' dir='ltr' id='par_1_1' title="bbox 0 0 2240 6148">
     <span class='ocr_line' id='line_1_1' title="bbox 0 0 2240 6148; baseline 0 -5671"><span class='ocrx_word' id='word_1_1' title='bbox 0 0 2240 6148; x_wconf 95' lang='lat' dir='ltr'>   </span> 
     </span>
    </p>
   </div>
   <div class='ocr_carea' id='block_1_2' title="bbox 1100 718 1428 782">
    <p class='ocr_par' dir='ltr' id='par_1_2' title="bbox 1100 718 1428 782">
     <span class='ocr_line' id='line_1_2' title="bbox 1100 718 1428 782; baseline 0 0"><span class='ocrx_word' id='word_1_2' title='bbox 1100 718 1428 782; x_wconf 79' lang='lat'>-12-·</span> 
     </span>
    </p>
   </div>
   <div class='ocr_carea' id='block_1_3' title="bbox 217 905 2132 1707">
    <p class='ocr_par' dir='ltr' id='par_1_3' title="bbox 217 905 2132 1707">
     <span class='ocr_line' id='line_1_3' title="bbox 483 905 2132 990; baseline -0.001 -18"><span class='ocrx_word' id='word_1_3' title='bbox 483 905 549 972; x_wconf 84' lang='lat' dir='ltr'>Iul.</span> <span class='ocrx_word' id='word_1_4' title='bbox 570 905 628 971; x_wconf 78' lang='lat'>44:</span> <span class='ocrx_word' id='word_1_5' title='bbox 652 905 691 971; x_wconf 88' lang='lat' dir='ltr'>de</span> <span class='ocrx_word' id='word_1_6' title='bbox 714 927 779 988; x_wconf 79' lang='lat' dir='ltr'>cna</span> <span class='ocrx_word' id='word_1_7' title='bbox 795 905 893 987; x_wconf 82' lang='lat' dir='ltr'>prius</span> <span class='ocrx_word' id='word_1_8' title='bbox 915 927 1011 988; x_wconf 81' lang='lat' dir='ltr'>quam</span> <span class='ocrx_word' id='word_1_9' title='bbox 1033 906 1139 972; x_wconf 87' lang='lat' dir='ltr'>dicam</span> <span class='ocrx_word' id='word_1_10' title='bbox 1161 954 1169 973; x_wconf 95' lang='lat'>.</span> <span class='ocrx_word' id='word_1_11' title='bbox 1192 957 1199 972; x_wconf 92' lang='lat'>.</span> <span class='ocrx_word' id='word_1_12' title='bbox 1223 953 1232 975; x_wconf 88' lang='lat'><strong>.</strong></span> <span class='ocrx_word' id='word_1_13' title='bbox 1255 926 1321 970; x_wconf 88' lang='lat' dir='ltr'>non</span> <span class='ocrx_word' id='word_1_14' title='bbox 1343 905 1576 972; x_wconf 84' lang='lat' dir='ltr'>alienumerit.</span> <span class='ocrx_word' id='word_1_15' title='bbox 1623 906 1691 973; x_wconf 83' lang='lat' dir='ltr'>Tib.</span> <span class='ocrx_word' id='word_1_16' title='bbox 1715 907 1774 971; x_wconf 80' lang='lat'>67:</span> <span class='ocrx_word' id='word_1_17' title='bbox 1805 908 1891 989; x_wconf 79' lang='lat' dir='ltr'>quod</span> <span class='ocrx_word' id='word_1_18' title='bbox 1913 908 2012 990; x_wconf 84' lang='lat' dir='ltr'>prius</span> <span class='ocrx_word' id='word_1_19' title='bbox 2033 928 2132 990; x_wconf 82' lang='lat' dir='ltr'>quam</span> 
     </span>
     <span class='ocr_line' id='line_1_4' title="bbox 485 1007 2132 1093; baseline 0.002 -21"><span class='ocrx_word' id='word_1_20' title='bbox 485 1008 618 1085; x_wconf 84' lang='lat' dir='ltr'>eueniat,</span> <span class='ocrx_word' id='word_1_21' title='bbox 641 1012 714 1089; x_wconf 83' lang='lat' dir='ltr'>opto</span> <span class='ocrx_word' id='word_1_22' title='bbox 734 1011 772 1072; x_wconf 91' lang='lat' dir='ltr'>nt</span> <span class='ocrx_word' id='word_1_23' title='bbox 792 1055 801 1072; x_wconf 93' lang='lat'>.</span> <span class='ocrx_word' id='word_1_24' title='bbox 823 1056 831 1072; x_wconf 89' lang='lat'>.</span> <span class='ocrx_word' id='word_1_25' title='bbox 854 1007 981 1090; x_wconf 85' lang='lat' dir='ltr'>eripiat.</span> <span class='ocrx_word' id='word_1_26' title='bbox 1025 1007 1108 1093; x_wconf 81' lang='lat' dir='ltr'>Anp.</span> <span class='ocrx_word' id='word_1_27' title='bbox 1132 1009 1189 1075; x_wconf 83' lang='lat'>35:</span> <span class='ocrx_word' id='word_1_28' title='bbox 1212 1009 1383 1074; x_wconf 83' lang='lat' dir='ltr'>sancitnt</span> <span class='ocrx_word' id='word_1_29' title='bbox 1397 1010 1497 1091; x_wconf 80' lang='lat' dir='ltr'>prius</span> <span class='ocrx_word' id='word_1_30' title='bbox 1518 1029 1615 1092; x_wconf 84' lang='lat' dir='ltr'>qaam</span> <span class='ocrx_word' id='word_1_31' title='bbox 1638 1010 1815 1076; x_wconf 70' lang='lat' dir='ltr'>considera</span> <span class='ocrx_word' id='word_1_32' title='bbox 1836 1011 1970 1092; x_wconf 77' lang='lat' dir='ltr'>quisque</span> <span class='ocrx_word' id='word_1_33' title='bbox 1993 1059 2000 1074; x_wconf 97' lang='lat'>.</span> <span class='ocrx_word' id='word_1_34' title='bbox 2023 1059 2030 1074; x_wconf 97' lang='lat'>.</span> <span class='ocrx_word' id='word_1_35' title='bbox 2052 1030 2132 1092; x_wconf 86' lang='lat' dir='ltr'>sup·</span> 
     </span>
     <span class='ocr_line' id='line_1_5' title="bbox 480 1109 1266 1192; baseline 0.006 -16"><span class='ocrx_word' id='word_1_36' title='bbox 480 1109 631 1192; x_wconf 77' lang='lat' dir='ltr'><strong><em>plicaret.</em></strong></span> <span class='ocrx_word' id='word_1_37' title='bbox 1254 1110 1266 1129; x_wconf 84' lang='lat'>&#39;</span> 
     </span>
     <span class='ocr_line' id='line_1_6' title="bbox 279 1211 2132 1297; baseline -0.001 -17"><span class='ocrx_word' id='word_1_38' title='bbox 279 1215 317 1280; x_wconf 90' lang='lat' dir='ltr'>ln</span> <span class='ocrx_word' id='word_1_39' title='bbox 339 1212 443 1295; x_wconf 92' lang='lat' dir='ltr'>primo</span> <span class='ocrx_word' id='word_1_40' title='bbox 465 1211 521 1277; x_wconf 93' lang='lat' dir='ltr'>illo</span> <span class='ocrx_word' id='word_1_41' title='bbox 542 1211 687 1293; x_wconf 82' lang='lat' dir='ltr'>exemplo</span> <span class='ocrx_word' id='word_1_42' title='bbox 710 1213 780 1278; x_wconf 90' lang='lat' dir='ltr'>sine</span> <span class='ocrx_word' id='word_1_43' title='bbox 795 1212 892 1278; x_wconf 92' lang='lat' dir='ltr'>dubio</span> <span class='ocrx_word' id='word_1_44' title='bbox 914 1214 1149 1279; x_wconf 83' lang='lat' dir='ltr'>coniunctimm</span> <span class='ocrx_word' id='word_1_45' title='bbox 1164 1213 1345 1296; x_wconf 88' lang='lat' dir='ltr'>praesentis</span> <span class='ocrx_word' id='word_1_46' title='bbox 1361 1213 1525 1295; x_wconf 87' lang='lat' dir='ltr'>habemus,</span> <span class='ocrx_word' id='word_1_47' title='bbox 1547 1215 1609 1280; x_wconf 92' lang='lat' dir='ltr'>duo</span> <span class='ocrx_word' id='word_1_48' title='bbox 1628 1214 1760 1297; x_wconf 84' lang='lat' dir='ltr'>reliqua,</span> <span class='ocrx_word' id='word_1_49' title='bbox 1783 1215 1817 1280; x_wconf 91' lang='lat' dir='ltr'>in</span> <span class='ocrx_word' id='word_1_50' title='bbox 1833 1214 1947 1297; x_wconf 90' lang='lat' dir='ltr'>quibus</span> <span class='ocrx_word' id='word_1_51' title='bbox 1963 1215 2132 1280; x_wconf 88' lang='lat' dir='ltr'>enuntiata</span> 
     </span>
     <span class='ocr_line' id='line_1_7' title="bbox 280 1313 2131 1399; baseline -0.001 -16"><span class='ocrx_word' id='word_1_52' title='bbox 280 1315 450 1383; x_wconf 90' lang='lat' dir='ltr'>subiuncta</span> <span class='ocrx_word' id='word_1_53' title='bbox 471 1321 546 1381; x_wconf 89' lang='lat' dir='ltr'>sunt</span> <span class='ocrx_word' id='word_1_54' title='bbox 568 1313 674 1381; x_wconf 83' lang='lat' dir='ltr'>verbis</span> <span class='ocrx_word' id='word_1_55' title='bbox 696 1314 889 1395; x_wconf 82' lang='lat' dir='ltr'>particulam</span> <span class='ocrx_word' id='word_1_56' title='bbox 912 1317 990 1396; x_wconf 88' lang='lat' dir='ltr'>„nt“</span> <span class='ocrx_word' id='word_1_57' title='bbox 1012 1316 1236 1399; x_wconf 79' lang='lat' dir='ltr'>sequentibus,</span> <span class='ocrx_word' id='word_1_58' title='bbox 1265 1316 1387 1382; x_wconf 88' lang='lat' dir='ltr'>habent</span> <span class='ocrx_word' id='word_1_59' title='bbox 1417 1317 1654 1383; x_wconf 84' lang='lat' dir='ltr'>coniunctivum</span> <span class='ocrx_word' id='word_1_60' title='bbox 1683 1318 1865 1398; x_wconf 88' lang='lat' dir='ltr'>praesentis</span> <span class='ocrx_word' id='word_1_61' title='bbox 1895 1323 1930 1382; x_wconf 88' lang='lat' dir='ltr'>et</span> <span class='ocrx_word' id='word_1_62' title='bbox 1950 1315 2131 1399; x_wconf 84' lang='lat' dir='ltr'><strong>imperfecti</strong></span> 
     </span>
     <span class='ocr_line' id='line_1_8' title="bbox 279 1416 1287 1501; baseline 0.002 -18"><span class='ocrx_word' id='word_1_63' title='bbox 279 1420 453 1486; x_wconf 86' lang='lat' dir='ltr'>secundnm</span> <span class='ocrx_word' id='word_1_64' title='bbox 474 1416 562 1499; x_wconf 81' lang='lat' dir='ltr'>leges</span> <span class='ocrx_word' id='word_1_65' title='bbox 585 1417 819 1482; x_wconf 78' lang='lat' dir='ltr'>consecutionis</span> <span class='ocrx_word' id='word_1_66' title='bbox 840 1437 936 1501; x_wconf 85' lang='lat' dir='ltr'>quam</span> <span class='ocrx_word' id='word_1_67' title='bbox 959 1425 1076 1484; x_wconf 88' lang='lat' dir='ltr'>vocant</span> <span class='ocrx_word' id='word_1_68' title='bbox 1098 1426 1287 1500; x_wconf 91' lang='lat' dir='ltr'>temporum.</span> 
     </span>
     <span class='ocr_line' id='line_1_9' title="bbox 217 1520 2132 1615; baseline 0.002 -31"><span class='ocrx_word' id='word_1_69' title='bbox 217 1603 225 1615; x_wconf 21' lang='grc' dir='ltr'>ἢ</span> <span class='ocrx_word' id='word_1_70' title='bbox 352 1596 360 1615; x_wconf 35' lang='grc' dir='ltr'><strong><em>ι</em></strong></span> <span class='ocrx_word' id='word_1_71' title='bbox 433 1520 470 1584; x_wconf 92' lang='lat' dir='ltr'>In</span> <span class='ocrx_word' id='word_1_72' title='bbox 494 1520 680 1584; x_wconf 81' lang='lat' dir='ltr'>narratione</span> <span class='ocrx_word' id='word_1_73' title='bbox 702 1538 810 1585; x_wconf 89' lang='lat' dir='ltr'>rerum</span> <span class='ocrx_word' id='word_1_74' title='bbox 840 1520 1089 1601; x_wconf 87' lang='lat' dir='ltr'>praeteritarum</span> <span class='ocrx_word' id='word_1_75' title='bbox 1118 1520 1344 1603; x_wconf 78' lang='lat' dir='ltr'>„priusquam‘</span> <span class='ocrx_word' id='word_1_76' title='bbox 1374 1520 1561 1604; x_wconf 88' lang='lat' dir='ltr'>plerumque</span> <span class='ocrx_word' id='word_1_77' title='bbox 1590 1522 1796 1605; x_wconf 85' lang='lat' dir='ltr'>coniungitur</span> <span class='ocrx_word' id='word_1_78' title='bbox 1825 1540 1897 1588; x_wconf 92' lang='lat' dir='ltr'>cum</span> <span class='ocrx_word' id='word_1_79' title='bbox 1929 1521 2132 1588; x_wconf 85' lang='lat' dir='ltr'>coniunctiuo</span> 
     </span>
     <span class='ocr_line' id='line_1_10' title="bbox 280 1620 1865 1707; baseline -0.001 -17"><span class='ocrx_word' id='word_1_80' title='bbox 280 1621 470 1706; x_wconf 84' lang='lat' dir='ltr'>imperfecti,</span> <span class='ocrx_word' id='word_1_81' title='bbox 493 1640 683 1703; x_wconf 86' lang='lat' dir='ltr'>semperque</span> <span class='ocrx_word' id='word_1_82' title='bbox 705 1630 781 1687; x_wconf 89' lang='lat' dir='ltr'>sunt</span> <span class='ocrx_word' id='word_1_83' title='bbox 802 1641 842 1689; x_wconf 97' lang='lat' dir='ltr'>ea</span> <span class='ocrx_word' id='word_1_84' title='bbox 864 1624 1034 1693; x_wconf 88' lang='lat' dir='ltr'>enuntiata</span> <span class='ocrx_word' id='word_1_85' title='bbox 1055 1620 1266 1705; x_wconf 79' lang='lat' dir='ltr'>affirmativa3</span> <span class='ocrx_word' id='word_1_86' title='bbox 1289 1623 1379 1688; x_wconf 90' lang='lat' dir='ltr'>cuius</span> <span class='ocrx_word' id='word_1_87' title='bbox 1401 1625 1448 1688; x_wconf 89' lang='lat' dir='ltr'>rei</span> <span class='ocrx_word' id='word_1_88' title='bbox 1470 1630 1547 1691; x_wconf 92' lang='lat' dir='ltr'>sunt</span> <span class='ocrx_word' id='word_1_89' title='bbox 1567 1625 1682 1707; x_wconf 81' lang='lat' dir='ltr'>uiginti</span> <span class='ocrx_word' id='word_1_90' title='bbox 1704 1624 1865 1706; x_wconf 83' lang='lat' dir='ltr'>exempla:</span> 
     </span>
    </p>
   </div>
   <div class='ocr_carea' id='block_1_4' title="bbox 482 1739 2136 2644">
    <p class='ocr_par' dir='ltr' id='par_1_4' title="bbox 482 1739 2136 2644">
     <span class='ocr_line' id='line_1_11' title="bbox 484 1739 2135 1827; baseline 0.002 -21"><span class='ocrx_word' id='word_1_91' title='bbox 484 1740 568 1823; x_wconf 81' lang='lat' dir='ltr'>Aup.</span> <span class='ocrx_word' id='word_1_92' title='bbox 590 1739 627 1804; x_wconf 80' lang='lat'>4:</span> <span class='ocrx_word' id='word_1_93' title='bbox 656 1740 752 1822; x_wconf 85' lang='lat' dir='ltr'>prius</span> <span class='ocrx_word' id='word_1_94' title='bbox 774 1762 871 1824; x_wconf 75' lang='lat' dir='ltr'>quam</span> <span class='ocrx_word' id='word_1_95' title='bbox 894 1794 900 1807; x_wconf 93' lang='lat'>.</span> <span class='ocrx_word' id='word_1_96' title='bbox 925 1746 1067 1823; x_wconf 85' lang='lat' dir='ltr'>.posset.</span> <span class='ocrx_word' id='word_1_97' title='bbox 1118 1741 1202 1827; x_wconf 71' lang='lat' dir='ltr'>Aac.</span> <span class='ocrx_word' id='word_1_98' title='bbox 1228 1744 1284 1808; x_wconf 86' lang='lat'>19:</span> <span class='ocrx_word' id='word_1_99' title='bbox 1310 1743 1409 1823; x_wconf 83' lang='lat' dir='ltr'>prius</span> <span class='ocrx_word' id='word_1_100' title='bbox 1438 1763 1536 1824; x_wconf 78' lang='lat' dir='ltr'>auant</span> <span class='ocrx_word' id='word_1_101' title='bbox 1559 1745 1799 1810; x_wconf 85' lang='lat' dir='ltr'>inualescerent.</span> <span class='ocrx_word' id='word_1_102' title='bbox 1843 1743 1927 1827; x_wconf 82' lang='lat' dir='ltr'>Anp.</span> <span class='ocrx_word' id='word_1_103' title='bbox 1950 1743 2009 1808; x_wconf 87' lang='lat'>43:</span> <span class='ocrx_word' id='word_1_104' title='bbox 2035 1744 2135 1824; x_wconf 75' lang='lat' dir='ltr'>pnes</span> 
     </span>
     <span class='ocr_line' id='line_1_12' title="bbox 486 1842 2136 1930; baseline 0.001 -22"><span class='ocrx_word' id='word_1_105' title='bbox 486 1863 582 1925; x_wconf 79' lang='lat' dir='ltr'>cuam</span> <span class='ocrx_word' id='word_1_106' title='bbox 611 1842 865 1908; x_wconf 76' lang='lat' dir='ltr'>interdiceretur.</span> <span class='ocrx_word' id='word_1_107' title='bbox 916 1843 1000 1928; x_wconf 80' lang='lat' dir='ltr'>Aup.</span> <span class='ocrx_word' id='word_1_108' title='bbox 1025 1845 1082 1910; x_wconf 79' lang='lat'>74:</span> <span class='ocrx_word' id='word_1_109' title='bbox 1109 1846 1208 1927; x_wconf 79' lang='lat' dir='ltr'>prius</span> <span class='ocrx_word' id='word_1_110' title='bbox 1236 1865 1333 1929; x_wconf 81' lang='lat' dir='ltr'>quam</span> <span class='ocrx_word' id='word_1_111' title='bbox 1362 1844 1415 1909; x_wconf 82' lang='lat' dir='ltr'>ille</span> <span class='ocrx_word' id='word_1_112' title='bbox 1445 1845 1659 1911; x_wconf 79' lang='lat' dir='ltr'>discumberet.</span> <span class='ocrx_word' id='word_1_113' title='bbox 1710 1845 1793 1930; x_wconf 83' lang='lat' dir='ltr'>Aup.</span> <span class='ocrx_word' id='word_1_114' title='bbox 1825 1846 1884 1910; x_wconf 79' lang='lat'>76:</span> <span class='ocrx_word' id='word_1_115' title='bbox 1909 1846 2007 1928; x_wconf 80' lang='lat' dir='ltr'>prius</span> <span class='ocrx_word' id='word_1_116' title='bbox 2037 1865 2136 1928; x_wconf 82' lang='lat' dir='ltr'>quam</span> 
     </span>
     <span class='ocr_line' id='line_1_13' title="bbox 484 1944 2136 2032; baseline 0.002 -22"><span class='ocrx_word' id='word_1_117' title='bbox 484 1946 666 2027; x_wconf 78' lang='lat' dir='ltr'>inciperem.</span> <span class='ocrx_word' id='word_1_118' title='bbox 724 1944 808 2027; x_wconf 81' lang='lat' dir='ltr'>Aup.</span> <span class='ocrx_word' id='word_1_119' title='bbox 839 1945 882 2011; x_wconf 81' lang='lat'>94</span> <span class='ocrx_word' id='word_1_120' title='bbox 913 1944 977 2029; x_wconf 81' lang='lat'>[79,</span> <span class='ocrx_word' id='word_1_121' title='bbox 1006 1946 1060 2031; x_wconf 85' lang='lat'>4]:</span> <span class='ocrx_word' id='word_1_122' title='bbox 1094 1949 1192 2029; x_wconf 81' lang='lat' dir='ltr'>prius</span> <span class='ocrx_word' id='word_1_123' title='bbox 1222 1969 1319 2030; x_wconf 76' lang='lat' dir='ltr'>quarn</span> <span class='ocrx_word' id='word_1_124' title='bbox 1348 1952 1543 2013; x_wconf 82' lang='lat' dir='ltr'>nasceretur.</span> <span class='ocrx_word' id='word_1_125' title='bbox 1593 1945 1678 2014; x_wconf 75' lang='lat' dir='ltr'>ibid.</span> <span class='ocrx_word' id='word_1_126' title='bbox 1711 1946 1775 2032; x_wconf 85' lang='grc'><strong>[79,</strong></span> <span class='ocrx_word' id='word_1_127' title='bbox 1804 1946 1877 2032; x_wconf 82' lang='grc'><strong>28];</strong></span> <span class='ocrx_word' id='word_1_128' title='bbox 1911 1950 2008 2030; x_wconf 85' lang='lat' dir='ltr'>prius</span> <span class='ocrx_word' id='word_1_129' title='bbox 2037 1968 2136 2030; x_wconf 84' lang='lat' dir='ltr'>quam</span> 
     </span>
     <span class='ocr_line' id='line_1_14' title="bbox 482 2045 2136 2133; baseline 0.002 -21"><span class='ocrx_word' id='word_1_130' title='bbox 482 2051 623 2129; x_wconf 83' lang='lat' dir='ltr'>pareret.</span> <span class='ocrx_word' id='word_1_131' title='bbox 676 2045 742 2113; x_wconf 80' lang='lat' dir='ltr'>Tit.</span> <span class='ocrx_word' id='word_1_132' title='bbox 771 2047 808 2111; x_wconf 79' lang='lat'>2:</span> <span class='ocrx_word' id='word_1_133' title='bbox 834 2051 932 2130; x_wconf 83' lang='lat' dir='ltr'>prius</span> <span class='ocrx_word' id='word_1_134' title='bbox 961 2069 1058 2131; x_wconf 81' lang='lat' dir='ltr'>quam</span> <span class='ocrx_word' id='word_1_135' title='bbox 1088 2101 1095 2116; x_wconf 94' lang='lat'>.</span> <span class='ocrx_word' id='word_1_136' title='bbox 1128 2102 1134 2115; x_wconf 95' lang='lat'>.</span> <span class='ocrx_word' id='word_1_137' title='bbox 1168 2052 1421 2133; x_wconf 80' lang='lat' dir='ltr'>coniunperetur.</span> <span class='ocrx_word' id='word_1_138' title='bbox 1476 2049 1541 2115; x_wconf 84' lang='lat' dir='ltr'>Tib.</span> <span class='ocrx_word' id='word_1_139' title='bbox 1571 2050 1629 2114; x_wconf 74' lang='lat'>⁴20:</span> <span class='ocrx_word' id='word_1_140' title='bbox 1655 2052 1753 2132; x_wconf 82' lang='lat' dir='ltr'>prius</span> <span class='ocrx_word' id='word_1_141' title='bbox 1782 2071 1880 2133; x_wconf 81' lang='lat' dir='ltr'>quam</span> <span class='ocrx_word' id='word_1_142' title='bbox 1909 2100 1916 2116; x_wconf 93' lang='lat'>.</span> <span class='ocrx_word' id='word_1_143' title='bbox 1947 2103 1953 2116; x_wconf 92' lang='lat'>.</span> <span class='ocrx_word' id='word_1_144' title='bbox 1984 2050 2136 2131; x_wconf 78' lang='lat' dir='ltr'>flecteret.</span> 
     </span>
     <span class='ocr_line' id='line_1_15' title="bbox 489 2147 2136 2236; baseline 0.002 -20"><span class='ocrx_word' id='word_1_145' title='bbox 489 2147 558 2216; x_wconf 83' lang='lat' dir='ltr'>Cal.</span> <span class='ocrx_word' id='word_1_146' title='bbox 583 2152 617 2214; x_wconf 92' lang='lat' dir='ltr'>l:</span> <span class='ocrx_word' id='word_1_147' title='bbox 635 2149 734 2229; x_wconf 80' lang='lat' dir='ltr'>prins</span> <span class='ocrx_word' id='word_1_148' title='bbox 756 2169 853 2230; x_wconf 80' lang='lat' dir='ltr'>quam</span> <span class='ocrx_word' id='word_1_149' title='bbox 874 2151 980 2216; x_wconf 84' lang='lat' dir='ltr'>iniret.</span> <span class='ocrx_word' id='word_1_150' title='bbox 1029 2148 1098 2217; x_wconf 81' lang='lat' dir='ltr'>Cal.</span> <span class='ocrx_word' id='word_1_151' title='bbox 1125 2153 1181 2218; x_wconf 81' lang='lat'>12:</span> <span class='ocrx_word' id='word_1_152' title='bbox 1199 2154 1297 2234; x_wconf 81' lang='lat' dir='ltr'>prius</span> <span class='ocrx_word' id='word_1_153' title='bbox 1320 2172 1416 2234; x_wconf 78' lang='lat' dir='ltr'>quam</span> <span class='ocrx_word' id='word_1_154' title='bbox 1438 2153 1703 2235; x_wconf 85' lang='lat' dir='ltr'>inanpuraretur.</span> <span class='ocrx_word' id='word_1_155' title='bbox 1745 2151 1815 2220; x_wconf 82' lang='lat' dir='ltr'>Gal.</span> <span class='ocrx_word' id='word_1_156' title='bbox 1838 2154 1897 2218; x_wconf 88' lang='lat'>48:</span> <span class='ocrx_word' id='word_1_157' title='bbox 1921 2154 2016 2234; x_wconf 86' lang='lat' dir='ltr'>prius</span> <span class='ocrx_word' id='word_1_158' title='bbox 2037 2173 2136 2236; x_wconf 82' lang='lat' dir='ltr'>quam</span> 
     </span>
     <span class='ocr_line' id='line_1_16' title="bbox 488 2248 2136 2339; baseline 0.002 -22"><span class='ocrx_word' id='word_1_159' title='bbox 488 2251 721 2317; x_wconf 82' lang='lat' dir='ltr'>..decederet</span> <span class='ocrx_word' id='word_1_160' title='bbox 771 2248 840 2317; x_wconf 82' lang='lat' dir='ltr'>Cal.</span> <span class='ocrx_word' id='word_1_161' title='bbox 863 2252 920 2317; x_wconf 87' lang='lat'>59:</span> <span class='ocrx_word' id='word_1_162' title='bbox 946 2255 1043 2335; x_wconf 78' lang='lat' dir='ltr'>prins</span> <span class='ocrx_word' id='word_1_163' title='bbox 1075 2274 1173 2336; x_wconf 81' lang='lat' dir='ltr'>quum</span> <span class='ocrx_word' id='word_1_164' title='bbox 1199 2256 1235 2320; x_wconf 88' lang='lat' dir='ltr'>id</span> <span class='ocrx_word' id='word_1_165' title='bbox 1263 2256 1363 2336; x_wconf 72' lang='lat' dir='ltr'>fieret.</span> <span class='ocrx_word' id='word_1_166' title='bbox 1413 2251 1531 2320; x_wconf 81' lang='lat' dir='ltr'>Claud.</span> <span class='ocrx_word' id='word_1_167' title='bbox 1554 2255 1613 2319; x_wconf 89' lang='lat'>44:</span> <span class='ocrx_word' id='word_1_168' title='bbox 1638 2256 1736 2338; x_wconf 76' lang='lat' dir='ltr'>prius</span> <span class='ocrx_word' id='word_1_169' title='bbox 1757 2255 1858 2339; x_wconf 81' lang='lat' dir='ltr'>ipitur</span> <span class='ocrx_word' id='word_1_170' title='bbox 1880 2275 1977 2337; x_wconf 79' lang='lat' dir='ltr'>quum</span> <span class='ocrx_word' id='word_1_171' title='bbox 1999 2306 2006 2320; x_wconf 93' lang='lat'>.</span> <span class='ocrx_word' id='word_1_172' title='bbox 2030 2275 2136 2338; x_wconf 71' lang='grc' dir='ltr'>.μο-</span> 
     </span>
     <span class='ocr_line' id='line_1_17' title="bbox 487 2351 2135 2440; baseline 0.003 -21"><span class='ocrx_word' id='word_1_173' title='bbox 487 2354 681 2438; x_wconf 75' lang='lat' dir='ltr'>crederetur.</span> <span class='ocrx_word' id='word_1_174' title='bbox 725 2351 814 2418; x_wconf 89' lang='lat' dir='ltr'>Nero</span> <span class='ocrx_word' id='word_1_175' title='bbox 836 2353 892 2420; x_wconf 80' lang='lat'>23:</span> <span class='ocrx_word' id='word_1_176' title='bbox 918 2357 1016 2437; x_wconf 82' lang='lat' dir='ltr'>prius</span> <span class='ocrx_word' id='word_1_177' title='bbox 1038 2377 1134 2439; x_wconf 77' lang='lat' dir='ltr'>quarn</span> <span class='ocrx_word' id='word_1_178' title='bbox 1155 2359 1318 2440; x_wconf 82' lang='lat' dir='ltr'>inciperet.</span> <span class='ocrx_word' id='word_1_179' title='bbox 1363 2355 1452 2422; x_wconf 89' lang='lat' dir='ltr'>Nero</span> <span class='ocrx_word' id='word_1_180' title='bbox 1473 2356 1534 2421; x_wconf 79' lang='lat'>47:</span> <span class='ocrx_word' id='word_1_181' title='bbox 1558 2358 1657 2439; x_wconf 83' lang='lat' dir='ltr'>prius</span> <span class='ocrx_word' id='word_1_182' title='bbox 1686 2378 1782 2440; x_wconf 78' lang='lat' dir='ltr'>quam</span> <span class='ocrx_word' id='word_1_183' title='bbox 1801 2360 1993 2439; x_wconf 82' lang='lat' dir='ltr'>perueniret.</span> <span class='ocrx_word' id='word_1_184' title='bbox 2041 2357 2135 2424; x_wconf 77' lang='lat' dir='ltr'>aaa.</span> 
     </span>
     <span class='ocr_line' id='line_1_18' title="bbox 489 2456 2136 2542; baseline 0.004 -23"><span class='ocrx_word' id='word_1_185' title='bbox 489 2456 547 2521; x_wconf 85' lang='lat'>19:</span> <span class='ocrx_word' id='word_1_186' title='bbox 568 2457 662 2538; x_wconf 84' lang='lat' dir='ltr'>prins</span> <span class='ocrx_word' id='word_1_187' title='bbox 683 2475 757 2520; x_wconf 88' lang='lat' dir='ltr'>uero</span> <span class='ocrx_word' id='word_1_188' title='bbox 779 2476 875 2537; x_wconf 74' lang='lat' dir='ltr'>quam</span> <span class='ocrx_word' id='word_1_189' title='bbox 898 2459 1103 2524; x_wconf 77' lang='lat' dir='ltr'>occideretur.</span> <span class='ocrx_word' id='word_1_190' title='bbox 1153 2458 1246 2541; x_wconf 85' lang='lat' dir='ltr'>Vesp.</span> <span class='ocrx_word' id='word_1_191' title='bbox 1268 2462 1306 2526; x_wconf 81' lang='lat'>5:</span> <span class='ocrx_word' id='word_1_192' title='bbox 1325 2461 1423 2541; x_wconf 76' lang='lat' dir='ltr'>prius</span> <span class='ocrx_word' id='word_1_193' title='bbox 1445 2480 1542 2542; x_wconf 81' lang='lat' dir='ltr'>quam</span> <span class='ocrx_word' id='word_1_194' title='bbox 1565 2460 1819 2525; x_wconf 84' lang='lat' dir='ltr'>committeretur.</span> <span class='ocrx_word' id='word_1_195' title='bbox 1867 2459 1928 2525; x_wconf 82' lang='lat' dir='ltr'>Tit.</span> <span class='ocrx_word' id='word_1_196' title='bbox 1954 2461 2010 2526; x_wconf 89' lang='lat'>11:</span> <span class='ocrx_word' id='word_1_197' title='bbox 2038 2463 2136 2542; x_wconf 73' lang='lat' dir='ltr'>prices</span> 
     </span>
     <span class='ocr_line' id='line_1_19' title="bbox 487 2559 1493 2644; baseline 0.006 -22"><span class='ocrx_word' id='word_1_198' title='bbox 487 2580 584 2642; x_wconf 77' lang='lat' dir='ltr'>qnam</span> <span class='ocrx_word' id='word_1_199' title='bbox 606 2608 613 2623; x_wconf 97' lang='lat'>.</span> <span class='ocrx_word' id='word_1_200' title='bbox 637 2607 645 2622; x_wconf 93' lang='lat'>.</span> <span class='ocrx_word' id='word_1_201' title='bbox 666 2563 901 2624; x_wconf 87' lang='lat' dir='ltr'>conuocaretur.</span> <span class='ocrx_word' id='word_1_202' title='bbox 945 2559 1040 2626; x_wconf 88' lang='lat' dir='ltr'>Dom.</span> <span class='ocrx_word' id='word_1_203' title='bbox 1062 2561 1099 2628; x_wconf 82' lang='lat'>2:</span> <span class='ocrx_word' id='word_1_204' title='bbox 1118 2562 1216 2644; x_wconf 79' lang='lat' dir='ltr'>prius</span> <span class='ocrx_word' id='word_1_205' title='bbox 1238 2582 1336 2644; x_wconf 78' lang='lat' dir='ltr'>auam</span> <span class='ocrx_word' id='word_1_206' title='bbox 1357 2561 1493 2644; x_wconf 77' lang='lat' dir='ltr'>efflaret.</span> 
     </span>
    </p>
   </div>
   <div class='ocr_carea' id='block_1_5' title="bbox 284 2678 1835 2763">
    <p class='ocr_par' dir='ltr' id='par_1_5' title="bbox 284 2678 1835 2763">
     <span class='ocr_line' id='line_1_20' title="bbox 284 2678 1835 2763; baseline 0 -16"><span class='ocrx_word' id='word_1_207' title='bbox 284 2681 403 2747; x_wconf 88' lang='lat' dir='ltr'>Rarius</span> <span class='ocrx_word' id='word_1_208' title='bbox 424 2697 483 2746; x_wconf 91' lang='lat' dir='ltr'>nec</span> <span class='ocrx_word' id='word_1_209' title='bbox 505 2680 574 2745; x_wconf 89' lang='lat' dir='ltr'>sine</span> <span class='ocrx_word' id='word_1_210' title='bbox 596 2678 766 2758; x_wconf 82' lang='lat' dir='ltr'>negatione</span> <span class='ocrx_word' id='word_1_211' title='bbox 788 2678 950 2745; x_wconf 84' lang='lat' dir='ltr'>inuenitur</span> <span class='ocrx_word' id='word_1_212' title='bbox 971 2678 1276 2763; x_wconf 86' lang='lat' dir='ltr'>plusquamperfecti</span> <span class='ocrx_word' id='word_1_213' title='bbox 1298 2683 1516 2748; x_wconf 80' lang='lat' dir='ltr'>coniunctium</span> <span class='ocrx_word' id='word_1_214' title='bbox 1539 2681 1590 2746; x_wconf 89' lang='lat' dir='ltr'>his</span> <span class='ocrx_word' id='word_1_215' title='bbox 1612 2682 1716 2748; x_wconf 88' lang='lat' dir='ltr'>tribus</span> <span class='ocrx_word' id='word_1_216' title='bbox 1738 2682 1835 2747; x_wconf 90' lang='lat' dir='ltr'>locis:</span> 
     </span>
    </p>
   </div>
   <div class='ocr_carea' id='block_1_6' title="bbox 281 2797 2138 3191">
    <p class='ocr_par' dir='ltr' id='par_1_6' title="bbox 486 2797 2138 3070">
     <span class='ocr_line' id='line_1_21' title="bbox 491 2797 2138 2884; baseline 0.001 -18"><span class='ocrx_word' id='word_1_217' title='bbox 491 2797 560 2866; x_wconf 82' lang='lat' dir='ltr'>Cal.</span> <span class='ocrx_word' id='word_1_218' title='bbox 590 2798 626 2863; x_wconf 86' lang='lat'>3:</span> <span class='ocrx_word' id='word_1_219' title='bbox 658 2818 725 2862; x_wconf 92' lang='lat' dir='ltr'>non</span> <span class='ocrx_word' id='word_1_220' title='bbox 754 2798 850 2878; x_wconf 82' lang='lat' dir='ltr'>prius</span> <span class='ocrx_word' id='word_1_221' title='bbox 873 2849 879 2863; x_wconf 92' lang='lat'>.</span> <span class='ocrx_word' id='word_1_222' title='bbox 904 2851 910 2864; x_wconf 92' lang='lat'>.</span> <span class='ocrx_word' id='word_1_223' title='bbox 936 2800 1102 2866; x_wconf 76' lang='lat' dir='ltr'>induxerit</span> <span class='ocrx_word' id='word_1_224' title='bbox 1130 2822 1226 2884; x_wconf 77' lang='lat' dir='ltr'>quam</span> <span class='ocrx_word' id='word_1_225' title='bbox 1249 2852 1256 2867; x_wconf 97' lang='lat'>.</span> <span class='ocrx_word' id='word_1_226' title='bbox 1281 2853 1288 2868; x_wconf 91' lang='lat'>.</span> <span class='ocrx_word' id='word_1_227' title='bbox 1316 2802 1525 2883; x_wconf 85' lang='lat' dir='ltr'>comperisset.</span> <span class='ocrx_word' id='word_1_228' title='bbox 1581 2799 1698 2868; x_wconf 82' lang='lat' dir='ltr'>Claud.</span> <span class='ocrx_word' id='word_1_229' title='bbox 1727 2804 1767 2865; x_wconf 90' lang='lat' dir='ltr'>·l:</span> <span class='ocrx_word' id='word_1_230' title='bbox 1797 2822 1863 2866; x_wconf 91' lang='lat' dir='ltr'>non</span> <span class='ocrx_word' id='word_1_231' title='bbox 1887 2802 1984 2884; x_wconf 83' lang='lat' dir='ltr'>prins</span> <span class='ocrx_word' id='word_1_232' title='bbox 2015 2801 2138 2868; x_wconf 83' lang='lat' dir='ltr'>destitit</span> 
     </span>
     <span class='ocr_line' id='line_1_22' title="bbox 489 2899 2137 2986; baseline 0.004 -21"><span class='ocrx_word' id='word_1_233' title='bbox 489 2922 585 2984; x_wconf 77' lang='lat' dir='ltr'>quam</span> <span class='ocrx_word' id='word_1_234' title='bbox 607 2951 614 2966; x_wconf 92' lang='lat'>.</span> <span class='ocrx_word' id='word_1_235' title='bbox 639 2899 887 2982; x_wconf 75' lang='lat' dir='ltr'>‚prohibuisset</span> <span class='ocrx_word' id='word_1_236' title='bbox 935 2900 1015 2967; x_wconf 79' lang='lat' dir='ltr'>octo</span> <span class='ocrx_word' id='word_1_237' title='bbox 1035 2905 1074 2968; x_wconf 77' lang='lat'>2:</span> <span class='ocrx_word' id='word_1_238' title='bbox 1105 2908 1144 2968; x_wconf 90' lang='lat' dir='ltr'>ut</span> <span class='ocrx_word' id='word_1_239' title='bbox 1164 2953 1171 2968; x_wconf 97' lang='lat'>.</span> <span class='ocrx_word' id='word_1_240' title='bbox 1194 2952 1202 2968; x_wconf 95' lang='lat'>.</span> <span class='ocrx_word' id='word_1_241' title='bbox 1223 2905 1319 2986; x_wconf 84' lang='lat' dir='ltr'>prius</span> <span class='ocrx_word' id='word_1_242' title='bbox 1348 2925 1445 2986; x_wconf 76' lang='lat' dir='ltr'>quam</span> <span class='ocrx_word' id='word_1_243' title='bbox 1467 2955 1475 2970; x_wconf 92' lang='lat'>.</span> <span class='ocrx_word' id='word_1_244' title='bbox 1500 2954 1507 2969; x_wconf 94' lang='lat'>.</span> <span class='ocrx_word' id='word_1_245' title='bbox 1529 2904 1761 2986; x_wconf 83' lang='lat' dir='ltr'>impetrasset.</span> <span class='ocrx_word' id='word_1_246' title='bbox 1785 2954 1792 2969; x_wconf 97' lang='lat'>.</span> <span class='ocrx_word' id='word_1_247' title='bbox 1815 2925 1880 2970; x_wconf 88' lang='lat' dir='ltr'>nan</span> <span class='ocrx_word' id='word_1_248' title='bbox 1912 2903 2137 2972; x_wconf 72' lang='lat' dir='ltr'>dubitaret..</span> 
     </span>
     <span class='ocr_line' id='line_1_23' title="bbox 486 3003 699 3070; baseline -0.009 0"><span class='ocrx_word' id='word_1_249' title='bbox 486 3003 699 3070; x_wconf 79' lang='lat' dir='ltr'>introducere.</span> 
     </span>
    </p>

    <p class='ocr_par' dir='ltr' id='par_1_7' title="bbox 281 3105 1413 3191">
     <span class='ocr_line' id='line_1_24' title="bbox 281 3105 1413 3191; baseline -0.005 -14"><span class='ocrx_word' id='word_1_250' title='bbox 281 3109 373 3177; x_wconf 91' lang='lat' dir='ltr'>Unus</span> <span class='ocrx_word' id='word_1_251' title='bbox 397 3108 535 3191; x_wconf 84' lang='lat' dir='ltr'>denique</span> <span class='ocrx_word' id='word_1_252' title='bbox 556 3112 665 3172; x_wconf 84' lang='lat' dir='ltr'>exstat</span> <span class='ocrx_word' id='word_1_253' title='bbox 687 3105 787 3184; x_wconf 92' lang='lat' dir='ltr'>locus,</span> <span class='ocrx_word' id='word_1_254' title='bbox 808 3106 865 3187; x_wconf 84' lang='lat' dir='ltr'>qui</span> <span class='ocrx_word' id='word_1_255' title='bbox 886 3106 983 3172; x_wconf 88' lang='lat' dir='ltr'>habet</span> <span class='ocrx_word' id='word_1_256' title='bbox 1004 3109 1237 3174; x_wconf 87' lang='lat' dir='ltr'>coniunctivum</span> <span class='ocrx_word' id='word_1_257' title='bbox 1261 3108 1413 3190; x_wconf 88' lang='lat' dir='ltr'>perfecti:</span> 
     </span>
    </p>
   </div>
   <div class='ocr_carea' id='block_1_7' title="bbox 283 3225 2139 4232">
    <p class='ocr_par' dir='ltr' id='par_1_8' title="bbox 283 3225 2139 4131">
     <span class='ocr_line' id='line_1_25' title="bbox 486 3225 2139 3313; baseline 0.002 -21"><span class='ocrx_word' id='word_1_258' title='bbox 486 3226 569 3310; x_wconf 72' lang='lat' dir='ltr'>Aua.</span> <span class='ocrx_word' id='word_1_259' title='bbox 602 3225 658 3290; x_wconf 90' lang='lat'>16:</span> <span class='ocrx_word' id='word_1_260' title='bbox 698 3242 770 3290; x_wconf 89' lang='lat' dir='ltr'>enm</span> <span class='ocrx_word' id='word_1_261' title='bbox 799 3273 807 3289; x_wconf 94' lang='lat'>.</span> <span class='ocrx_word' id='word_1_262' title='bbox 837 3276 844 3291; x_wconf 94' lang='lat'>.</span> <span class='ocrx_word' id='word_1_263' title='bbox 875 3227 1041 3309; x_wconf 83' lang='lat' dir='ltr'>stupidum</span> <span class='ocrx_word' id='word_1_264' title='bbox 1077 3228 1222 3293; x_wconf 84' lang='lat' dir='ltr'>cubuisse</span> <span class='ocrx_word' id='word_1_265' title='bbox 1257 3249 1316 3294; x_wconf 89' lang='lat' dir='ltr'>nec</span> <span class='ocrx_word' id='word_1_266' title='bbox 1344 3228 1442 3310; x_wconf 80' lang='lat' dir='ltr'>prius</span> <span class='ocrx_word' id='word_1_267' title='bbox 1480 3230 1658 3294; x_wconf 83' lang='lat' dir='ltr'>surreuiase</span> <span class='ocrx_word' id='word_1_268' title='bbox 1692 3280 1698 3295; x_wconf 94' lang='lat'>.</span> <span class='ocrx_word' id='word_1_269' title='bbox 1730 3278 1738 3293; x_wconf 96' lang='lat'>.</span> <span class='ocrx_word' id='word_1_270' title='bbox 1770 3249 1867 3311; x_wconf 77' lang='lat' dir='ltr'>qnam</span> <span class='ocrx_word' id='word_1_271' title='bbox 1902 3229 2038 3313; x_wconf 74' lang='lat' dir='ltr'>fucatae</span> <span class='ocrx_word' id='word_1_272' title='bbox 2068 3230 2139 3295; x_wconf 87' lang='lat' dir='ltr'>sint</span> 
     </span>
     <span class='ocr_line' id='line_1_26' title="bbox 489 3329 754 3393; baseline -0.004 -1"><span class='ocrx_word' id='word_1_273' title='bbox 489 3329 625 3393; x_wconf 79' lang='lat' dir='ltr'>hostium</span> <span class='ocrx_word' id='word_1_274' title='bbox 646 3347 754 3392; x_wconf 88' lang='lat' dir='ltr'>naues.</span> 
     </span>
     <span class='ocr_line' id='line_1_27' title="bbox 440 3431 2136 3515; baseline 0.003 -20"><span class='ocrx_word' id='word_1_275' title='bbox 440 3431 661 3513; x_wconf 84' lang='lat' dir='ltr'>„Antequam“</span> <span class='ocrx_word' id='word_1_276' title='bbox 690 3449 752 3497; x_wconf 92' lang='lat' dir='ltr'>non</span> <span class='ocrx_word' id='word_1_277' title='bbox 783 3432 942 3497; x_wconf 88' lang='lat' dir='ltr'>invenitur</span> <span class='ocrx_word' id='word_1_278' title='bbox 971 3433 1033 3497; x_wconf 92' lang='lat' dir='ltr'>nisi</span> <span class='ocrx_word' id='word_1_279' title='bbox 1062 3433 1094 3497; x_wconf 94' lang='lat' dir='ltr'>in</span> <span class='ocrx_word' id='word_1_280' title='bbox 1117 3433 1365 3515; x_wconf 86' lang='lat' dir='ltr'>praeteritarum</span> <span class='ocrx_word' id='word_1_281' title='bbox 1387 3431 1504 3497; x_wconf 89' lang='lat' dir='ltr'>rerum</span> <span class='ocrx_word' id='word_1_282' title='bbox 1519 3433 1702 3498; x_wconf 85' lang='lat' dir='ltr'>narratione</span> <span class='ocrx_word' id='word_1_283' title='bbox 1723 3432 1890 3515; x_wconf 90' lang='lat' dir='ltr'>locumque</span> <span class='ocrx_word' id='word_1_284' title='bbox 1912 3441 2000 3500; x_wconf 90' lang='lat' dir='ltr'>tenet</span> <span class='ocrx_word' id='word_1_285' title='bbox 2022 3441 2080 3499; x_wconf 90' lang='lat' dir='ltr'>aut</span> <span class='ocrx_word' id='word_1_286' title='bbox 2102 3433 2136 3500; x_wconf 93' lang='lat' dir='ltr'>in</span> 
     </span>
     <span class='ocr_line' id='line_1_28' title="bbox 283 3532 2136 3618; baseline -0.001 -15"><span class='ocrx_word' id='word_1_287' title='bbox 283 3536 441 3618; x_wconf 81' lang='lat' dir='ltr'>negativis</span> <span class='ocrx_word' id='word_1_288' title='bbox 464 3534 640 3600; x_wconf 89' lang='lat' dir='ltr'>enuntiatis</span> <span class='ocrx_word' id='word_1_289' title='bbox 662 3533 773 3599; x_wconf 88' lang='lat' dir='ltr'>autin</span> <span class='ocrx_word' id='word_1_290' title='bbox 797 3532 1001 3601; x_wconf 87' lang='lat' dir='ltr'>affirmativis</span> <span class='ocrx_word' id='word_1_291' title='bbox 1023 3554 1093 3603; x_wconf 91' lang='lat' dir='ltr'>cum</span> <span class='ocrx_word' id='word_1_292' title='bbox 1117 3533 1350 3616; x_wconf 82' lang='lat' dir='ltr'>significatione</span> <span class='ocrx_word' id='word_1_293' title='bbox 1380 3534 1534 3616; x_wconf 90' lang='lat' dir='ltr'>temporis</span> <span class='ocrx_word' id='word_1_294' title='bbox 1566 3533 1617 3600; x_wconf 83' lang='lat' dir='ltr'>nel</span> <span class='ocrx_word' id='word_1_295' title='bbox 1638 3536 1821 3601; x_wconf 82' lang='lat' dir='ltr'>accusativo</span> <span class='ocrx_word' id='word_1_296' title='bbox 1843 3535 1894 3602; x_wconf 88' lang='lat' dir='ltr'>vel</span> <span class='ocrx_word' id='word_1_297' title='bbox 1917 3536 2057 3602; x_wconf 87' lang='lat' dir='ltr'>ablativo</span> <span class='ocrx_word' id='word_1_298' title='bbox 2079 3555 2136 3602; x_wconf 84' lang='lat' dir='ltr'>sn·</span> 
     </span>
     <span class='ocr_line' id='line_1_29' title="bbox 283 3635 2136 3723; baseline -0.002 -17"><span class='ocrx_word' id='word_1_299' title='bbox 283 3656 405 3723; x_wconf 89' lang='lat' dir='ltr'>pressa.</span> <span class='ocrx_word' id='word_1_300' title='bbox 451 3635 542 3702; x_wconf 88' lang='lat' dir='ltr'>Illius</span> <span class='ocrx_word' id='word_1_301' title='bbox 565 3636 692 3716; x_wconf 81' lang='lat' dir='ltr'>generis</span> <span class='ocrx_word' id='word_1_302' title='bbox 715 3640 792 3706; x_wconf 89' lang='lat' dir='ltr'>suot</span> <span class='ocrx_word' id='word_1_303' title='bbox 821 3655 878 3701; x_wconf 84' lang='lat' dir='ltr'>sex</span> <span class='ocrx_word' id='word_1_304' title='bbox 904 3636 1065 3719; x_wconf 82' lang='lat' dir='ltr'>exempla,</span> <span class='ocrx_word' id='word_1_305' title='bbox 1095 3657 1230 3719; x_wconf 89' lang='lat' dir='ltr'>qnorum</span> <span class='ocrx_word' id='word_1_306' title='bbox 1262 3638 1325 3702; x_wconf 88' lang='lat' dir='ltr'>tria</span> <span class='ocrx_word' id='word_1_307' title='bbox 1357 3636 1476 3702; x_wconf 88' lang='lat' dir='ltr'>habent</span> <span class='ocrx_word' id='word_1_308' title='bbox 1504 3636 1703 3718; x_wconf 82' lang='lat' dir='ltr'>imperfecti,</span> <span class='ocrx_word' id='word_1_309' title='bbox 1735 3639 1799 3703; x_wconf 88' lang='lat' dir='ltr'>tria</span> <span class='ocrx_word' id='word_1_310' title='bbox 1829 3637 2136 3721; x_wconf 88' lang='lat' dir='ltr'>plusquamperfecti</span> 
     </span>
     <span class='ocr_line' id='line_1_30' title="bbox 285 3740 542 3808; baseline -0.019 -1"><span class='ocrx_word' id='word_1_311' title='bbox 285 3740 542 3808; x_wconf 85' lang='lat' dir='ltr'>coniunctivnm:</span> 
     </span>
     <span class='ocr_line' id='line_1_31' title="bbox 487 3839 2138 3926; baseline 0.001 -21"><span class='ocrx_word' id='word_1_312' title='bbox 487 3840 552 3906; x_wconf 83' lang='lat' dir='ltr'>Iul.</span> <span class='ocrx_word' id='word_1_313' title='bbox 577 3840 633 3906; x_wconf 91' lang='lat'>18:</span> <span class='ocrx_word' id='word_1_314' title='bbox 657 3844 734 3904; x_wconf 84' lang='lat' dir='ltr'>ante</span> <span class='ocrx_word' id='word_1_315' title='bbox 756 3860 853 3922; x_wconf 79' lang='lat' dir='ltr'>cuam</span> <span class='ocrx_word' id='word_1_316' title='bbox 875 3892 881 3906; x_wconf 94' lang='lat'>.</span> <span class='ocrx_word' id='word_1_317' title='bbox 906 3891 913 3906; x_wconf 99' lang='lat'>.</span> <span class='ocrx_word' id='word_1_318' title='bbox 938 3890 945 3905; x_wconf 99' lang='lat'>.</span> <span class='ocrx_word' id='word_1_319' title='bbox 970 3846 1175 3907; x_wconf 74' lang='lat' dir='ltr'>artarentur.</span> <span class='ocrx_word' id='word_1_320' title='bbox 1223 3839 1338 3908; x_wconf 81' lang='lat' dir='ltr'>Claud.</span> <span class='ocrx_word' id='word_1_321' title='bbox 1364 3843 1418 3907; x_wconf 82' lang='lat'>12:</span> <span class='ocrx_word' id='word_1_322' title='bbox 1449 3847 1526 3907; x_wconf 90' lang='lat' dir='ltr'>ante</span> <span class='ocrx_word' id='word_1_323' title='bbox 1548 3892 1556 3908; x_wconf 91' lang='lat'>.</span> <span class='ocrx_word' id='word_1_324' title='bbox 1578 3890 1587 3907; x_wconf 94' lang='lat'>.</span> <span class='ocrx_word' id='word_1_325' title='bbox 1610 3863 1706 3926; x_wconf 76' lang='lat' dir='ltr'>quam</span> <span class='ocrx_word' id='word_1_326' title='bbox 1729 3894 1737 3910; x_wconf 89' lang='lat'>.</span> <span class='ocrx_word' id='word_1_327' title='bbox 1761 3891 1768 3907; x_wconf 94' lang='lat'>.</span> <span class='ocrx_word' id='word_1_328' title='bbox 1791 3844 2005 3924; x_wconf 75' lang='lat' dir='ltr'>affimareut.</span> <span class='ocrx_word' id='word_1_329' title='bbox 2047 3840 2138 3907; x_wconf 89' lang='lat' dir='ltr'>Nero</span> 
     </span>
     <span class='ocr_line' id='line_1_32' title="bbox 489 3943 2138 4028; baseline 0 -18"><span class='ocrx_word' id='word_1_330' title='bbox 489 3944 547 4010; x_wconf 84' lang='lat'>20:</span> <span class='ocrx_word' id='word_1_331' title='bbox 570 3948 647 4008; x_wconf 92' lang='lat' dir='ltr'>ante</span> <span class='ocrx_word' id='word_1_332' title='bbox 668 3992 676 4007; x_wconf 96' lang='lat'>.</span> <span class='ocrx_word' id='word_1_333' title='bbox 700 3992 708 4007; x_wconf 91' lang='lat'>.</span> <span class='ocrx_word' id='word_1_334' title='bbox 731 3963 827 4025; x_wconf 75' lang='lat' dir='ltr'>qnam</span> <span class='ocrx_word' id='word_1_335' title='bbox 850 3992 857 4006; x_wconf 92' lang='lat'>.</span> <span class='ocrx_word' id='word_1_336' title='bbox 880 3991 888 4007; x_wconf 90' lang='lat'>.</span> <span class='ocrx_word' id='word_1_337' title='bbox 911 3943 1092 4010; x_wconf 81' lang='lat' dir='ltr'>absolueret.</span> <span class='ocrx_word' id='word_1_338' title='bbox 1135 3943 1201 4011; x_wconf 84' lang='lat' dir='ltr'>Iul.</span> <span class='ocrx_word' id='word_1_339' title='bbox 1222 3945 1279 4009; x_wconf 73' lang='lat'>67:</span> <span class='ocrx_word' id='word_1_340' title='bbox 1302 3950 1378 4011; x_wconf 91' lang='lat' dir='ltr'>ante</span> <span class='ocrx_word' id='word_1_341' title='bbox 1400 3995 1408 4011; x_wconf 94' lang='lat'>.</span> <span class='ocrx_word' id='word_1_342' title='bbox 1432 3990 1440 4007; x_wconf 91' lang='lat'>.</span> <span class='ocrx_word' id='word_1_343' title='bbox 1463 3966 1561 4028; x_wconf 75' lang='lat' dir='ltr'>quam</span> <span class='ocrx_word' id='word_1_344' title='bbox 1583 3995 1590 4010; x_wconf 93' lang='lat'>.</span> <span class='ocrx_word' id='word_1_345' title='bbox 1613 3993 1622 4010; x_wconf 92' lang='lat'>.</span> <span class='ocrx_word' id='word_1_346' title='bbox 1644 3945 1846 4010; x_wconf 84' lang='lat' dir='ltr'>uindicaaset.</span> <span class='ocrx_word' id='word_1_347' title='bbox 1890 3943 1957 4010; x_wconf 77' lang='lat' dir='ltr'>Tic.</span> <span class='ocrx_word' id='word_1_348' title='bbox 1982 3944 2037 4008; x_wconf 90' lang='lat'>18:</span> <span class='ocrx_word' id='word_1_349' title='bbox 2061 3949 2138 4010; x_wconf 86' lang='lat' dir='ltr'>ante</span> 
     </span>
     <span class='ocr_line' id='line_1_33' title="bbox 497 4045 1644 4131; baseline 0 -19"><span class='ocrx_word' id='word_1_350' title='bbox 497 4066 656 4128; x_wconf 78' lang='lat' dir='ltr'>..quam</span> <span class='ocrx_word' id='word_1_351' title='bbox 679 4094 687 4110; x_wconf 95' lang='lat'>.</span> <span class='ocrx_word' id='word_1_352' title='bbox 709 4094 716 4109; x_wconf 97' lang='lat'>.</span> <span class='ocrx_word' id='word_1_353' title='bbox 741 4045 944 4127; x_wconf 80' lang='lat' dir='ltr'>explorasset.</span> <span class='ocrx_word' id='word_1_354' title='bbox 992 4045 1061 4114; x_wconf 82' lang='lat' dir='ltr'>Gal.</span> <span class='ocrx_word' id='word_1_355' title='bbox 1084 4047 1141 4112; x_wconf 80' lang='lat'>28:</span> <span class='ocrx_word' id='word_1_356' title='bbox 1165 4052 1240 4113; x_wconf 90' lang='lat' dir='ltr'>ante</span> <span class='ocrx_word' id='word_1_357' title='bbox 1264 4097 1271 4113; x_wconf 94' lang='lat'>.</span> <span class='ocrx_word' id='word_1_358' title='bbox 1294 4097 1301 4112; x_wconf 97' lang='lat'>.</span> <span class='ocrx_word' id='word_1_359' title='bbox 1325 4069 1421 4131; x_wconf 77' lang='lat' dir='ltr'>qnam</span> <span class='ocrx_word' id='word_1_360' title='bbox 1444 4099 1450 4114; x_wconf 92' lang='lat'>.</span> <span class='ocrx_word' id='word_1_361' title='bbox 1476 4099 1482 4113; x_wconf 95' lang='lat'>.</span> <span class='ocrx_word' id='word_1_362' title='bbox 1505 4049 1644 4113; x_wconf 73' lang='lat' dir='ltr'>udisset.</span> 
     </span>
    </p>

    <p class='ocr_par' dir='ltr' id='par_1_9' title="bbox 285 4146 1879 4232">
     <span class='ocr_line' id='line_1_34' title="bbox 285 4146 1879 4232; baseline -0.001 -17"><span class='ocrx_word' id='word_1_363' title='bbox 285 4149 430 4218; x_wconf 84' lang='lat' dir='ltr'>Alterius</span> <span class='ocrx_word' id='word_1_364' title='bbox 452 4148 580 4232; x_wconf 81' lang='lat' dir='ltr'>generis</span> <span class='ocrx_word' id='word_1_365' title='bbox 603 4154 677 4214; x_wconf 90' lang='lat' dir='ltr'>sunt</span> <span class='ocrx_word' id='word_1_366' title='bbox 699 4149 847 4215; x_wconf 87' lang='lat' dir='ltr'>undecim</span> <span class='ocrx_word' id='word_1_367' title='bbox 869 4148 1024 4231; x_wconf 84' lang='lat' dir='ltr'>exempla,</span> <span class='ocrx_word' id='word_1_368' title='bbox 1047 4168 1129 4232; x_wconf 91' lang='lat' dir='ltr'>quae</span> <span class='ocrx_word' id='word_1_369' title='bbox 1151 4152 1260 4216; x_wconf 90' lang='lat' dir='ltr'>omnia</span> <span class='ocrx_word' id='word_1_370' title='bbox 1281 4150 1402 4217; x_wconf 89' lang='lat' dir='ltr'>habent</span> <span class='ocrx_word' id='word_1_371' title='bbox 1424 4150 1657 4216; x_wconf 81' lang='lat' dir='ltr'>coniunctirum</span> <span class='ocrx_word' id='word_1_372' title='bbox 1680 4146 1879 4232; x_wconf 90' lang='lat' dir='ltr'>imperfecti:</span> 
     </span>
    </p>
   </div>
   <div class='ocr_carea' id='block_1_8' title="bbox 286 4268 2138 5687">
    <p class='ocr_par' dir='ltr' id='par_1_10' title="bbox 286 4268 2138 5687">
     <span class='ocr_line' id='line_1_35' title="bbox 491 4268 2138 4354; baseline -0.001 -20"><span class='ocrx_word' id='word_1_373' title='bbox 491 4269 554 4335; x_wconf 84' lang='lat' dir='ltr'>Iul.</span> <span class='ocrx_word' id='word_1_374' title='bbox 578 4270 616 4333; x_wconf 82' lang='lat'>9:</span> <span class='ocrx_word' id='word_1_375' title='bbox 640 4274 716 4334; x_wconf 71' lang='lat' dir='ltr'>anm</span> <span class='ocrx_word' id='word_1_376' title='bbox 732 4289 858 4351; x_wconf 84' lang='lat' dir='ltr'>paucas</span> <span class='ocrx_word' id='word_1_377' title='bbox 880 4269 950 4333; x_wconf 84' lang='lat' dir='ltr'>dies</span> <span class='ocrx_word' id='word_1_378' title='bbox 973 4289 1068 4351; x_wconf 78' lang='lat' dir='ltr'>quam</span> <span class='ocrx_word' id='word_1_379' title='bbox 1091 4320 1097 4333; x_wconf 95' lang='lat'>.</span> <span class='ocrx_word' id='word_1_380' title='bbox 1123 4321 1130 4335; x_wconf 89' lang='lat'>.</span> <span class='ocrx_word' id='word_1_381' title='bbox 1153 4270 1260 4336; x_wconf 84' lang='lat' dir='ltr'>iniret.</span> <span class='ocrx_word' id='word_1_382' title='bbox 1304 4270 1388 4353; x_wconf 76' lang='lat' dir='ltr'>Aac.</span> <span class='ocrx_word' id='word_1_383' title='bbox 1410 4271 1452 4334; x_wconf 85' lang='grc'>94</span> <span class='ocrx_word' id='word_1_384' title='bbox 1477 4269 1540 4354; x_wconf 78' lang='lat' dir='ltr'>[ta</span> <span class='ocrx_word' id='word_1_385' title='bbox 1566 4268 1636 4354; x_wconf 85' lang='lat'>13]:</span> <span class='ocrx_word' id='word_1_386' title='bbox 1667 4274 1743 4335; x_wconf 87' lang='lat' dir='ltr'>ante</span> <span class='ocrx_word' id='word_1_387' title='bbox 1759 4289 1886 4352; x_wconf 85' lang='lat' dir='ltr'>paucos</span> <span class='ocrx_word' id='word_1_388' title='bbox 1908 4290 2005 4351; x_wconf 78' lang='lat' dir='ltr'>quam</span> <span class='ocrx_word' id='word_1_389' title='bbox 2026 4288 2138 4335; x_wconf 89' lang='lat' dir='ltr'>nasce·</span> 
     </span>
     <span class='ocr_line' id='line_1_36' title="bbox 491 4371 2137 4456; baseline 0 -20"><span class='ocrx_word' id='word_1_390' title='bbox 491 4380 581 4438; x_wconf 88' lang='lat' dir='ltr'>retur</span> <span class='ocrx_word' id='word_1_391' title='bbox 612 4391 742 4437; x_wconf 83' lang='lat' dir='ltr'>menses.</span> <span class='ocrx_word' id='word_1_392' title='bbox 793 4374 876 4456; x_wconf 70' lang='lat' dir='ltr'>Aac.</span> <span class='ocrx_word' id='word_1_393' title='bbox 901 4373 979 4437; x_wconf 83' lang='lat'>101:</span> <span class='ocrx_word' id='word_1_394' title='bbox 1012 4376 1087 4437; x_wconf 88' lang='lat' dir='ltr'>ante</span> <span class='ocrx_word' id='word_1_395' title='bbox 1116 4392 1239 4437; x_wconf 88' lang='lat' dir='ltr'>annum</span> <span class='ocrx_word' id='word_1_396' title='bbox 1262 4421 1269 4435; x_wconf 94' lang='lat'>.</span> <span class='ocrx_word' id='word_1_397' title='bbox 1294 4422 1301 4436; x_wconf 94' lang='lat'>.</span> <span class='ocrx_word' id='word_1_398' title='bbox 1324 4393 1421 4455; x_wconf 79' lang='lat' dir='ltr'>quam</span> <span class='ocrx_word' id='word_1_399' title='bbox 1450 4373 1621 4439; x_wconf 82' lang='lat' dir='ltr'>decederet.</span> <span class='ocrx_word' id='word_1_400' title='bbox 1678 4371 1742 4437; x_wconf 82' lang='lat' dir='ltr'>Tib.</span> <span class='ocrx_word' id='word_1_401' title='bbox 1768 4373 1823 4438; x_wconf 82' lang='lat'>14:</span> <span class='ocrx_word' id='word_1_402' title='bbox 1857 4376 1933 4438; x_wconf 89' lang='lat' dir='ltr'>ante</span> <span class='ocrx_word' id='word_1_403' title='bbox 1955 4421 1962 4437; x_wconf 91' lang='lat'>.</span> <span class='ocrx_word' id='word_1_404' title='bbox 1986 4390 2137 4455; x_wconf 73' lang='lat' dir='ltr'>·1&gt;aucos</span> 
     </span>
     <span class='ocr_line' id='line_1_37' title="bbox 493 4469 2138 4558; baseline -0.001 -18"><span class='ocrx_word' id='word_1_405' title='bbox 493 4495 589 4557; x_wconf 76' lang='lat' dir='ltr'>quam</span> <span class='ocrx_word' id='word_1_406' title='bbox 611 4478 816 4540; x_wconf 84' lang='lat' dir='ltr'>reuocaretur</span> <span class='ocrx_word' id='word_1_407' title='bbox 838 4469 913 4539; x_wconf 86' lang='lat' dir='ltr'>die&#39;s.</span> <span class='ocrx_word' id='word_1_408' title='bbox 961 4473 1026 4539; x_wconf 73' lang='lat' dir='ltr'>Tib·</span> <span class='ocrx_word' id='word_1_409' title='bbox 1050 4473 1107 4539; x_wconf 80' lang='lat'>74:</span> <span class='ocrx_word' id='word_1_410' title='bbox 1139 4478 1215 4539; x_wconf 87' lang='lat' dir='ltr'>ante</span> <span class='ocrx_word' id='word_1_411' title='bbox 1239 4495 1365 4556; x_wconf 86' lang='lat' dir='ltr'>paucos</span> <span class='ocrx_word' id='word_1_412' title='bbox 1394 4496 1491 4558; x_wconf 82' lang='lat' dir='ltr'>quam</span> <span class='ocrx_word' id='word_1_413' title='bbox 1513 4475 1611 4540; x_wconf 84' lang='lat' dir='ltr'>obiret</span> <span class='ocrx_word' id='word_1_414' title='bbox 1632 4475 1708 4540; x_wconf 88' lang='lat' dir='ltr'>dies.</span> <span class='ocrx_word' id='word_1_415' title='bbox 1757 4473 1824 4539; x_wconf 79' lang='lat' dir='ltr'>Gal.</span> <span class='ocrx_word' id='word_1_416' title='bbox 1851 4477 1886 4538; x_wconf 91' lang='lat' dir='ltr'>l:</span> <span class='ocrx_word' id='word_1_417' title='bbox 1918 4477 2138 4558; x_wconf 79' lang='lat' dir='ltr'>quinquennio</span> 
     </span>
     <span class='ocr_line' id='line_1_38' title="bbox 487 4573 2135 4660; baseline -0.001 -18"><span class='ocrx_word' id='word_1_418' title='bbox 487 4583 563 4643; x_wconf 90' lang='lat' dir='ltr'>ante</span> <span class='ocrx_word' id='word_1_419' title='bbox 585 4597 682 4659; x_wconf 76' lang='lat' dir='ltr'>quam</span> <span class='ocrx_word' id='word_1_420' title='bbox 705 4625 713 4641; x_wconf 93' lang='lat'>.</span> <span class='ocrx_word' id='word_1_421' title='bbox 735 4625 742 4640; x_wconf 91' lang='lat'>.</span> <span class='ocrx_word' id='word_1_422' title='bbox 766 4577 882 4642; x_wconf 85' lang='lat' dir='ltr'>liceret.</span> <span class='ocrx_word' id='word_1_423' title='bbox 931 4573 1000 4642; x_wconf 81' lang='lat' dir='ltr'>Cal.</span> <span class='ocrx_word' id='word_1_424' title='bbox 1026 4579 1061 4642; x_wconf 91' lang='lat'>8:</span> <span class='ocrx_word' id='word_1_425' title='bbox 1093 4581 1170 4642; x_wconf 88' lang='lat' dir='ltr'>ante</span> <span class='ocrx_word' id='word_1_426' title='bbox 1186 4598 1313 4659; x_wconf 83' lang='lat' dir='ltr'>paucas</span> <span class='ocrx_word' id='word_1_427' title='bbox 1336 4599 1432 4660; x_wconf 78' lang='lat' dir='ltr'>quam</span> <span class='ocrx_word' id='word_1_428' title='bbox 1455 4577 1554 4643; x_wconf 82' lang='lat' dir='ltr'>odiret</span> <span class='ocrx_word' id='word_1_429' title='bbox 1575 4597 1705 4643; x_wconf 88' lang='lat' dir='ltr'>menses.</span> <span class='ocrx_word' id='word_1_430' title='bbox 1765 4575 1832 4642; x_wconf 81' lang='lat' dir='ltr'>Gal.</span> <span class='ocrx_word' id='word_1_431' title='bbox 1854 4576 1914 4642; x_wconf 83' lang='lat'>44:</span> <span class='ocrx_word' id='word_1_432' title='bbox 1945 4582 2022 4642; x_wconf 72' lang='lat' dir='ltr'>anm</span> <span class='ocrx_word' id='word_1_433' title='bbox 2045 4597 2135 4657; x_wconf 85' lang='lat' dir='ltr'>pau·</span> 
     </span>
     <span class='ocr_line' id='line_1_39' title="bbox 493 4671 2137 4762; baseline -0.003 -16"><span class='ocrx_word' id='word_1_434' title='bbox 493 4681 634 4746; x_wconf 67' lang='lat' dir='ltr'>caumas</span> <span class='ocrx_word' id='word_1_435' title='bbox 657 4698 754 4762; x_wconf 77' lang='lat' dir='ltr'>quam</span> <span class='ocrx_word' id='word_1_436' title='bbox 777 4681 1028 4745; x_wconf 84' lang='lat' dir='ltr'>consummaturi</span> <span class='ocrx_word' id='word_1_437' title='bbox 1050 4685 1154 4745; x_wconf 88' lang='lat' dir='ltr'>esseut</span> <span class='ocrx_word' id='word_1_438' title='bbox 1175 4671 1251 4747; x_wconf 87' lang='lat' dir='ltr'>dies.</span> <span class='ocrx_word' id='word_1_439' title='bbox 1295 4679 1385 4746; x_wconf 90' lang='lat' dir='ltr'>Nero</span> <span class='ocrx_word' id='word_1_440' title='bbox 1406 4680 1464 4746; x_wconf 84' lang='lat'>56:</span> <span class='ocrx_word' id='word_1_441' title='bbox 1495 4684 1571 4745; x_wconf 90' lang='lat' dir='ltr'>ante</span> <span class='ocrx_word' id='word_1_442' title='bbox 1596 4698 1721 4762; x_wconf 81' lang='lat' dir='ltr'>pancos</span> <span class='ocrx_word' id='word_1_443' title='bbox 1750 4700 1846 4762; x_wconf 75' lang='lat' dir='ltr'>qnam</span> <span class='ocrx_word' id='word_1_444' title='bbox 1863 4681 1989 4762; x_wconf 83' lang='lat' dir='ltr'>periret</span> <span class='ocrx_word' id='word_1_445' title='bbox 2008 4697 2137 4743; x_wconf 86' lang='lat' dir='ltr'>menses.</span> 
     </span>
     <span class='ocr_line' id='line_1_40' title="bbox 498 4781 2138 4865; baseline -0.002 -18"><span class='ocrx_word' id='word_1_446' title='bbox 498 4782 590 4864; x_wconf 85' lang='lat' dir='ltr'>Vesp.</span> <span class='ocrx_word' id='word_1_447' title='bbox 608 4783 645 4847; x_wconf 79' lang='lat'>2:</span> <span class='ocrx_word' id='word_1_448' title='bbox 669 4781 888 4864; x_wconf 75' lang='lat' dir='ltr'>quinquennio</span> <span class='ocrx_word' id='word_1_449' title='bbox 909 4788 986 4847; x_wconf 90' lang='lat' dir='ltr'>ante</span> <span class='ocrx_word' id='word_1_450' title='bbox 1008 4803 1105 4865; x_wconf 78' lang='lat' dir='ltr'>quam</span> <span class='ocrx_word' id='word_1_451' title='bbox 1127 4832 1133 4847; x_wconf 92' lang='lat'>.</span> <span class='ocrx_word' id='word_1_452' title='bbox 1159 4833 1165 4848; x_wconf 90' lang='lat'>.</span> <span class='ocrx_word' id='word_1_453' title='bbox 1190 4784 1361 4848; x_wconf 79' lang='lat' dir='ltr'>accederet.</span> <span class='ocrx_word' id='word_1_454' title='bbox 1396 4781 1491 4848; x_wconf 89' lang='lat' dir='ltr'>Dom.</span> <span class='ocrx_word' id='word_1_455' title='bbox 1506 4782 1566 4848; x_wconf 81' lang='lat'>23:</span> <span class='ocrx_word' id='word_1_456' title='bbox 1589 4787 1666 4848; x_wconf 90' lang='lat' dir='ltr'>ante</span> <span class='ocrx_word' id='word_1_457' title='bbox 1675 4802 1801 4865; x_wconf 82' lang='lat' dir='ltr'>paucos</span> <span class='ocrx_word' id='word_1_458' title='bbox 1822 4803 1919 4865; x_wconf 77' lang='lat' dir='ltr'>quam</span> <span class='ocrx_word' id='word_1_459' title='bbox 1942 4781 2138 4846; x_wconf 83' lang='lat' dir='ltr'>occideretur</span> 
     </span>
     <span class='ocr_line' id='line_1_41' title="bbox 492 4905 621 4950; baseline -0.008 -1"><span class='ocrx_word' id='word_1_460' title='bbox 492 4905 621 4950; x_wconf 85' lang='lat' dir='ltr'>meuses.</span> 
     </span>
     <span class='ocr_line' id='line_1_42' title="bbox 286 4984 2137 5071; baseline -0.002 -16"><span class='ocrx_word' id='word_1_461' title='bbox 286 4990 324 5055; x_wconf 92' lang='lat' dir='ltr'>In</span> <span class='ocrx_word' id='word_1_462' title='bbox 356 4987 406 5053; x_wconf 91' lang='lat' dir='ltr'>his</span> <span class='ocrx_word' id='word_1_463' title='bbox 429 4988 586 5054; x_wconf 79' lang='lat' dir='ltr'>coeteris</span> <span class='ocrx_word' id='word_1_464' title='bbox 617 4987 851 5069; x_wconf 85' lang='lat' dir='ltr'>quodammodo</span> <span class='ocrx_word' id='word_1_465' title='bbox 882 4986 1041 5052; x_wconf 86' lang='lat' dir='ltr'>diuersum</span> <span class='ocrx_word' id='word_1_466' title='bbox 1071 4992 1129 5071; x_wconf 85' lang='lat' dir='ltr'>est</span> <span class='ocrx_word' id='word_1_467' title='bbox 1150 4986 1230 5069; x_wconf 90' lang='lat' dir='ltr'>illud</span> <span class='ocrx_word' id='word_1_468' title='bbox 1259 4987 1390 5054; x_wconf 84' lang='lat' dir='ltr'>verbum</span> <span class='ocrx_word' id='word_1_469' title='bbox 1421 4987 1692 5069; x_wconf 85' lang='lat' dir='ltr'>„consummaturi</span> <span class='ocrx_word' id='word_1_470' title='bbox 1722 4987 1851 5053; x_wconf 88' lang='lat' dir='ltr'>essent“</span> <span class='ocrx_word' id='word_1_471' title='bbox 1878 4984 1958 5067; x_wconf 85' lang='lat' dir='ltr'>(Gal.</span> <span class='ocrx_word' id='word_1_472' title='bbox 1981 4985 2049 5066; x_wconf 81' lang='lat'>44),</span> <span class='ocrx_word' id='word_1_473' title='bbox 2080 4987 2137 5051; x_wconf 90' lang='lat' dir='ltr'>sed</span> 
     </span>
     <span class='ocr_line' id='line_1_43' title="bbox 286 5087 2136 5172; baseline -0.003 -15"><span class='ocrx_word' id='word_1_474' title='bbox 286 5091 366 5158; x_wconf 93' lang='lat' dir='ltr'>nihil</span> <span class='ocrx_word' id='word_1_475' title='bbox 396 5089 495 5157; x_wconf 88' lang='lat' dir='ltr'>habet</span> <span class='ocrx_word' id='word_1_476' title='bbox 523 5090 677 5169; x_wconf 78' lang='lat' dir='ltr'>mirandi:</span> <span class='ocrx_word' id='word_1_477' title='bbox 710 5097 760 5156; x_wconf 92' lang='lat' dir='ltr'>est</span> <span class='ocrx_word' id='word_1_478' title='bbox 790 5090 872 5155; x_wconf 91' lang='lat' dir='ltr'>enim</span> <span class='ocrx_word' id='word_1_479' title='bbox 903 5089 1085 5169; x_wconf 80' lang='lat' dir='ltr'>coniugatio</span> <span class='ocrx_word' id='word_1_480' title='bbox 1113 5109 1207 5172; x_wconf 87' lang='lat' dir='ltr'>quam</span> <span class='ocrx_word' id='word_1_481' title='bbox 1241 5097 1356 5156; x_wconf 84' lang='lat' dir='ltr'>vocant</span> <span class='ocrx_word' id='word_1_482' title='bbox 1385 5089 1637 5171; x_wconf 87' lang='lat' dir='ltr'>periphrastica,</span> <span class='ocrx_word' id='word_1_483' title='bbox 1666 5108 1730 5172; x_wconf 90' lang='lat' dir='ltr'>qua</span> <span class='ocrx_word' id='word_1_484' title='bbox 1759 5088 1846 5153; x_wconf 88' lang='lat' dir='ltr'>haud</span> <span class='ocrx_word' id='word_1_485' title='bbox 1868 5102 1942 5152; x_wconf 89' lang='lat' dir='ltr'>raro</span> <span class='ocrx_word' id='word_1_486' title='bbox 1965 5087 2136 5154; x_wconf 87' lang='lat' dir='ltr'>Suetonius</span> 
     </span>
     <span class='ocr_line' id='line_1_44' title="bbox 286 5189 2137 5277; baseline -0.004 -16"><span class='ocrx_word' id='word_1_487' title='bbox 286 5197 408 5276; x_wconf 88' lang='lat' dir='ltr'>utitur;</span> <span class='ocrx_word' id='word_1_488' title='bbox 439 5194 490 5260; x_wconf 90' lang='lat' dir='ltr'>hic</span> <span class='ocrx_word' id='word_1_489' title='bbox 520 5193 706 5259; x_wconf 88' lang='lat' dir='ltr'>vertendum</span> <span class='ocrx_word' id='word_1_490' title='bbox 740 5199 805 5258; x_wconf 88' lang='lat' dir='ltr'>est:</span> <span class='ocrx_word' id='word_1_491' title='bbox 835 5193 955 5277; x_wconf 62' lang='lat' dir='ltr'>neuma</span> <span class='ocrx_word' id='word_1_492' title='bbox 986 5192 1073 5276; x_wconf 79' lang='lat' dir='ltr'>Tape</span> <span class='ocrx_word' id='word_1_493' title='bbox 1102 5193 1193 5258; x_wconf 85' lang='lat' dir='ltr'>berar</span> <span class='ocrx_word' id='word_1_494' title='bbox 1223 5194 1270 5258; x_wconf 85' lang='lat' dir='ltr'>sie</span> <span class='ocrx_word' id='word_1_495' title='bbox 1299 5192 1370 5271; x_wconf 90' lang='lat' dir='ltr'>(der</span> <span class='ocrx_word' id='word_1_496' title='bbox 1398 5191 1622 5275; x_wconf 81' lang='lat' dir='ltr'>Bestimmnnp</span> <span class='ocrx_word' id='word_1_497' title='bbox 1653 5191 1789 5274; x_wconf 76' lang='lat' dir='ltr'>pandss)</span> <span class='ocrx_word' id='word_1_498' title='bbox 1819 5189 1980 5256; x_wconf 81' lang='lat' dir='ltr'>entiasscn</span> <span class='ocrx_word' id='word_1_499' title='bbox 2008 5189 2137 5256; x_wconf 85' lang='lat' dir='ltr'>werden</span> 
     </span>
     <span class='ocr_line' id='line_1_45' title="bbox 287 5293 2137 5375; baseline -0.005 -10"><span class='ocrx_word' id='word_1_500' title='bbox 287 5298 408 5365; x_wconf 81' lang='lat' dir='ltr'>sollteu.</span> <span class='ocrx_word' id='word_1_501' title='bbox 455 5297 503 5363; x_wconf 88' lang='lat' dir='ltr'>De</span> <span class='ocrx_word' id='word_1_502' title='bbox 532 5296 738 5362; x_wconf 89' lang='lat' dir='ltr'>collocatione</span> <span class='ocrx_word' id='word_1_503' title='bbox 766 5293 878 5360; x_wconf 91' lang='lat' dir='ltr'>horum</span> <span class='ocrx_word' id='word_1_504' title='bbox 909 5296 1078 5362; x_wconf 88' lang='lat' dir='ltr'>verborum</span> <span class='ocrx_word' id='word_1_505' title='bbox 1102 5297 1418 5362; x_wconf 87' lang='lat' dir='ltr'>animadvertendum</span> <span class='ocrx_word' id='word_1_506' title='bbox 1441 5314 1512 5361; x_wconf 89' lang='lat' dir='ltr'>esse</span> <span class='ocrx_word' id='word_1_507' title='bbox 1534 5295 1680 5375; x_wconf 86' lang='lat' dir='ltr'>videtur,</span> <span class='ocrx_word' id='word_1_508' title='bbox 1711 5295 1739 5359; x_wconf 91' lang='lat' dir='ltr'>si</span> <span class='ocrx_word' id='word_1_509' title='bbox 1761 5312 1838 5374; x_wconf 88' lang='lat' dir='ltr'>pars</span> <span class='ocrx_word' id='word_1_510' title='bbox 1860 5294 2050 5359; x_wconf 88' lang='lat' dir='ltr'>secundaria</span> <span class='ocrx_word' id='word_1_511' title='bbox 2073 5310 2137 5356; x_wconf 93' lang='lat' dir='ltr'>uno</span> 
     </span>
     <span class='ocr_line' id='line_1_46' title="bbox 287 5394 2136 5482; baseline -0.004 -16"><span class='ocrx_word' id='word_1_512' title='bbox 287 5409 418 5482; x_wconf 88' lang='lat' dir='ltr'>praeter</span> <span class='ocrx_word' id='word_1_513' title='bbox 438 5400 629 5482; x_wconf 86' lang='lat' dir='ltr'>particulam</span> <span class='ocrx_word' id='word_1_514' title='bbox 653 5397 788 5480; x_wconf 85' lang='lat' dir='ltr'>„quam“</span> <span class='ocrx_word' id='word_1_515' title='bbox 812 5400 968 5465; x_wconf 87' lang='lat' dir='ltr'>consistat</span> <span class='ocrx_word' id='word_1_516' title='bbox 982 5400 1088 5478; x_wconf 87' lang='lat' dir='ltr'>verbo,</span> <span class='ocrx_word' id='word_1_517' title='bbox 1110 5400 1172 5465; x_wconf 94' lang='lat' dir='ltr'>hoc</span> <span class='ocrx_word' id='word_1_518' title='bbox 1187 5399 1255 5465; x_wconf 89' lang='lat' dir='ltr'>fere</span> <span class='ocrx_word' id='word_1_519' title='bbox 1270 5400 1318 5464; x_wconf 88' lang='lat' dir='ltr'>ita</span> <span class='ocrx_word' id='word_1_520' title='bbox 1333 5400 1472 5478; x_wconf 91' lang='lat' dir='ltr'>positum</span> <span class='ocrx_word' id='word_1_521' title='bbox 1487 5416 1569 5478; x_wconf 87' lang='lat' dir='ltr'>esse,</span> <span class='ocrx_word' id='word_1_522' title='bbox 1594 5403 1639 5476; x_wconf 87' lang='lat' dir='ltr'>ut,</span> <span class='ocrx_word' id='word_1_523' title='bbox 1662 5398 1690 5463; x_wconf 92' lang='lat' dir='ltr'>si</span> <span class='ocrx_word' id='word_1_524' title='bbox 1705 5394 1776 5462; x_wconf 87' lang='lat' dir='ltr'>fieri</span> <span class='ocrx_word' id='word_1_525' title='bbox 1789 5398 1902 5478; x_wconf 88' lang='lat' dir='ltr'>possit,</span> <span class='ocrx_word' id='word_1_526' title='bbox 1925 5396 2008 5462; x_wconf 89' lang='lat' dir='ltr'>inter</span> <span class='ocrx_word' id='word_1_527' title='bbox 2029 5394 2136 5459; x_wconf 90' lang='lat' dir='ltr'>adiec-</span> 
     </span>
     <span class='ocr_line' id='line_1_47' title="bbox 287 5495 2136 5584; baseline -0.006 -15"><span class='ocrx_word' id='word_1_528' title='bbox 287 5504 388 5569; x_wconf 84' lang='lat' dir='ltr'>tirum</span> <span class='ocrx_word' id='word_1_529' title='bbox 412 5509 445 5569; x_wconf 92' lang='lat' dir='ltr'>et</span> <span class='ocrx_word' id='word_1_530' title='bbox 466 5501 700 5568; x_wconf 85' lang='lat' dir='ltr'>substantivum</span> <span class='ocrx_word' id='word_1_531' title='bbox 723 5501 877 5581; x_wconf 90' lang='lat' dir='ltr'>temporis</span> <span class='ocrx_word' id='word_1_532' title='bbox 900 5502 1039 5584; x_wconf 87' lang='lat' dir='ltr'>spatium</span> <span class='ocrx_word' id='word_1_533' title='bbox 1061 5500 1247 5569; x_wconf 82' lang='lat' dir='ltr'>definientis</span> <span class='ocrx_word' id='word_1_534' title='bbox 1268 5502 1371 5568; x_wconf 90' lang='lat' dir='ltr'>locum</span> <span class='ocrx_word' id='word_1_535' title='bbox 1395 5509 1513 5579; x_wconf 84' lang='lat' dir='ltr'>teneat,</span> <span class='ocrx_word' id='word_1_536' title='bbox 1543 5498 1633 5565; x_wconf 88' lang='lat' dir='ltr'>velut</span> <span class='ocrx_word' id='word_1_537' title='bbox 1654 5506 1750 5579; x_wconf 87' lang='lat' dir='ltr'>„ante</span> <span class='ocrx_word' id='word_1_538' title='bbox 1772 5518 1892 5581; x_wconf 91' lang='lat' dir='ltr'>paucos</span> <span class='ocrx_word' id='word_1_539' title='bbox 1914 5516 2010 5581; x_wconf 86' lang='lat' dir='ltr'>qnam</span> <span class='ocrx_word' id='word_1_540' title='bbox 2032 5495 2136 5559; x_wconf 87' lang='lat' dir='ltr'>obiret</span> 
     </span>
     <span class='ocr_line' id='line_1_48' title="bbox 287 5601 1944 5687; baseline -0.004 -16"><span class='ocrx_word' id='word_1_541' title='bbox 287 5607 387 5672; x_wconf 89' lang='lat' dir='ltr'>dies“.</span> <span class='ocrx_word' id='word_1_542' title='bbox 432 5605 520 5684; x_wconf 88' lang='lat' dir='ltr'>Quae</span> <span class='ocrx_word' id='word_1_543' title='bbox 542 5602 679 5669; x_wconf 89' lang='lat' dir='ltr'>formula</span> <span class='ocrx_word' id='word_1_544' title='bbox 700 5603 792 5685; x_wconf 85' lang='lat' dir='ltr'>qnasi</span> <span class='ocrx_word' id='word_1_545' title='bbox 815 5611 965 5670; x_wconf 88' lang='lat' dir='ltr'>constans</span> <span class='ocrx_word' id='word_1_546' title='bbox 988 5606 1107 5687; x_wconf 88' lang='lat' dir='ltr'>septies</span> <span class='ocrx_word' id='word_1_547' title='bbox 1129 5606 1299 5685; x_wconf 87' lang='lat' dir='ltr'>invenitur,</span> <span class='ocrx_word' id='word_1_548' title='bbox 1322 5622 1385 5670; x_wconf 91' lang='lat' dir='ltr'>uno</span> <span class='ocrx_word' id='word_1_549' title='bbox 1406 5604 1477 5669; x_wconf 90' lang='lat' dir='ltr'>loco</span> <span class='ocrx_word' id='word_1_550' title='bbox 1499 5602 1594 5685; x_wconf 82' lang='lat' dir='ltr'>(Aug.</span> <span class='ocrx_word' id='word_1_551' title='bbox 1620 5601 1695 5685; x_wconf 84' lang='lat'>101)</span> <span class='ocrx_word' id='word_1_552' title='bbox 1717 5602 1863 5683; x_wconf 81' lang='lat' dir='ltr'>neglecta</span> <span class='ocrx_word' id='word_1_553' title='bbox 1885 5610 1944 5666; x_wconf 88' lang='lat' dir='ltr'>est.</span> 
     </span>
    </p>
   </div>
  </div>
 </body>
</html>
