4470 6158
920 788 1134 851 „14-

982 1079 1007 1164 ἓ
1030 1078 1080 1145 5·'

978 1231 1070 1308 dun.

252 1406 341 1472 Haec
367 1403 526 1487 particula
548 1404 662 1485 „cum“
686 1409 719 1469 et
740 1404 827 1486 apud
850 1403 932 1469 alios
954 1403 1129 1485 scriptores
1151 1407 1185 1468 et
1206 1402 1291 1483 apud
1313 1400 1500 1469 Suetonium
1523 1403 1784 1487 frequentissima
1806 1411 1858 1472 θεῖ
1878 1424 1949 1470 om·

67 1508 183 1576 'nium
214 1507 471 1575 coniunctionum
501 1504 733 1586 temporalium.
786 1507 868 1573 Nam
900 1506 1046 1589 quamvis
1075 1504 1126 1571 hic
1155 1522 1271 1587 magno
1300 1506 1407 1570 studio
1438 1506 1681 1589 participiorum
1707 1507 1948 1575 constructione

96 1630 174 1678 usus
198 1612 249 1692 sit,
272 1616 380 1676 mmen
409 1609 483 1691 plus
506 1609 675 1673 trecenties
704 1609 736 1673 in
767 1609 836 1674 eius
863 1607 958 1696 *libris
987 1607 1177 1689 particulam
1201 1607 1313 1688 „cum“
1335 1608 1522 1675 invenimus.
1567 1609 1631 1676 Sed
1654 1612 1687 1678 in
1709 1610 1761 1677 his
1781 1610 1860 1677 locis
1882 1629 1948 1674 non

95 1714 177 1781 nulli
199 1720 284 1794 sunt,
307 1731 387 1795 quos
410 1712 442 1777 in
465 1711 525 1776 hac
553 1710 771 1793 disputatione
786 1711 1044 1793 praetermittere
1065 1728 1246 1792 possumus,
1268 1728 1340 1775 cum
1362 1711 1395 1775 in
1417 1710 1478 1775 hac
1492 1711 1715 1781 coniunctione
1738 1733 1799 1779 non
1822 1718 1949 1794 tempo·

95 1817 207 1896 ralem,
230 1816 287 1881 sed
309 1813 389 1880 nihil
412 1814 474 1879 nisi
497 1812 659 1879 causalem
681 1819 739 1878 aut
762 1815 979 1879 concessivam
1010 1813 1074 1877 vim
1096 1813 1202 1878 inesse
1231 1819 1396 1895 appareat.
1441 1811 1555 1895 ltaque
1578 1834 1769 1897 quamquam
1791 1831 1950 1898 persaepe

95 1918 160 1982 vim
191 1915 351 1982 causalem
383 1921 418 1980 et
440 1912 648 1995 temporalem
679 1915 879 1980 coniunctam
910 1916 1064 1993 ullamne,
1093 1921 1130 1979 ut
1152 1923 1227 1979 utra
1248 1914 1435 1996 praevaleat
1457 1915 1595 1981 discerni
1618 1916 1670 1981 vix
1692 1919 1807 1999 possit,
1834 1922 1945 1983 tamen

95 2018 189 2083 valde
210 2017 309 2083 miror
337 2018 422 2099 quod
452 2015 703 2096 Trachmannus,
733 2019 788 2101 qui
818 2018 949 2100 scripsit
970 2019 1031 2098 „de
1055 2017 1311 2083 coniunctionum
1339 2017 1512 2083 causalium
1544 2019 1631 2100 apud
1654 2018 1841 2085 Suetonium
1864 2018 1948 2084 usu“

94 2121 136 2187 ds
166 2120 227 2187 hac
256 2120 416 2201 particula
440 2138 532 2200 „cum
556 2119 696 2184 causali“
726 2139 767 2184 ne
795 2119 926 2185 verbum
957 2120 1084 2201 quidem
1107 2115 1192 2184 lecit.
1239 2119 1310 2195 Qua
1332 2120 1373 2183 de
1399 2137 1496 2184 causa
1519 2138 1581 2185 non
1606 2120 1646 2185 ab
1668 2139 1704 2185 re
1727 2139 1798 2187 esse
1820 2121 1951 2186 videtur

95 2223 203 2306 aliqua
236 2221 334 2289 affere
367 2220 514 2304 exempla
545 2222 588 2285 ad
616 2221 698 2286 hanc
728 2222 791 2286 vim
823 2221 981 2286 causalem
1011 2221 1302 2300 demonstrandam,
1331 2239 1370 2287 ex
1393 2221 1510 2304 quibus
1530 2224 1685 2304 cognosci
1709 2222 1832 2305 poterit
1853 2241 1946 2303 „cnm

95 2324 245 2392 causale“
268 2330 398 2407 praeter
427 2320 649 2405 imperfectum
679 2331 713 2388 et
734 2321 1082 2405 plusquamperfectum
1115 2324 1211 2389 etiam
1234 2324 1396 2404 presentis
1418 2332 1452 2390 et
1473 2325 1607 2406 perfecti
1630 2327 1850 2393 coniunctivos
1872 2336 1948 2408 post

95 2448 131 2496 se
152 2427 281 2506 habere,
306 2427 361 2509 qui
384 2444 453 2492 cum
479 2426 648 2507 temporali
670 2427 892 2491 coniunctione
915 2425 1027 2505 „cum“
1050 2444 1220 2507 numquam
1245 2427 1486 2508 coniunguntur.

304 2543 372 2611 Oct.
395 2545 432 2610 8:
462 2546 656 2626 praesertim
679 2564 750 2609 cam
773 2596 779 2610 .
803 2593 811 2609 .
833 2544 985 2610 dilexerit
1005 2544 1219 2626 tradeturque
1241 2594 1248 2609 .
1271 2594 1279 2609 .
1305 2544 1372 2609 Tio.
1396 2546 1455 2609 21:
1487 2548 1678 2627 praesertim
1701 2566 1772 2611 eam
1795 2597 1801 2611 .
1824 2593 1833 2610 .
1854 2546 1950 2611 isero-

299 2647 381 2712 oerit
403 2651 434 2712 et
454 2696 461 2711 .
483 2694 492 2711 .
518 2651 743 2729 prosequatur.
792 2644 861 2712 aaz.
894 2647 950 2711 12:
984 2667 1055 2712 eam
1083 2649 1150 2712 siat
1178 2648 1310 2728 quidem
1340 2652 1494 2713 auctores.
1544 2646 1657 2712 Claud.
1682 2648 1742 2715 38:
1776 2667 1847 2713 cum
1870 2647 1950 2712 liber

301 2751 406 2816 editas
432 2751 483 2815 sit.
526 2748 591 2815 Iul.
617 2750 672 2815 18:
705 2770 776 2815 eum
798 2799 806 2814 .
829 2798 837 2815 .
858 2752 945 2815 ratio
973 2750 1084 2815 treberi
1113 2770 1178 2814 nora
1201 2755 1318 2832 posset.
1369 2747 1487 2816 Claud.
1513 2748 1571 2814 36:
1604 2769 1675 2815 oum
1704 2748 1786 2816 Silio
1814 2750 1950 2832 adquiri

300 2853 471 2934 imperitam
494 2853 687 2918 credidisset.

94 2958 201 3023 Etiam
232 2953 474 3036 significationis
504 2957 707 3022 concessivae
737 2955 863 3037 („cum“
886 2984 929 3007 =
951 2953 1103 3038 obptdelr,
1133 2956 1177 3019 do
1208 2955 1304 3035 doct,
1334 2956 1502 3038 wdlaread)
1533 2973 1637 3036 pauca
1660 2955 1806 3037 exempla
1827 2955 1945 3022 afferre

94 3061 173 3127 mihi
193 3058 307 3126 liceat:

305 3159 373 3226 Col.
396 3161 454 3225 23:
479 3180 550 3225 eam
572 3209 610 3225 ..
644 3165 763 3225 catum
793 3161 844 3225 sit.
887 3161 971 3243 Aue.
995 3160 1052 3226 63:
1085 3181 1156 3226 cam
1182 3161 1320 3229 maxime
1343 3164 1480 3242 caperet.
1524 3158 1632 3225 Iure
1663 3181 1766 3226 :cam
1792 3159 1946 3227 Cressam

300 3263 421 3327 soleret.
473 3260 542 3328 aaz.
564 3261 623 3326 48:
648 3281 719 3326 cam
741 3310 749 3326 .
771 3310 779 3328 .
801 3263 1029 3328 denuntiasset.
1253 3337 1255 3341 .

249 3364 316 3430 lam
340 3366 506 3430 veniamus
537 3365 578 3429 ad
601 3383 673 3430 eum
695 3383 788 3430 usum
811 3366 1041 3431 coniunctionis
1063 3366 1186 3446 „cum“,
1218 3365 1273 3448 qui
1296 3373 1347 3430 est
1369 3364 1401 3429 in
1424 3365 1600 3430 enuntiatis
1623 3366 1665 3429 ad
1688 3369 1817 3447 tempus
1838 3366 1944 3432 solum

93 3466 325 3551 spectantibus,
347 3485 385 3532 ao
407 3467 543 3548 primum
567 3468 608 3533 de
629 3466 814 3548 indicativo,
843 3468 959 3533 deinde
988 3469 1028 3533 de
1062 3468 1262 3535 coniunctivo
1284 3469 1316 3532 in
1349 3466 1399 3531 his
1422 3467 1600 3533 enuntiatis
1622 3466 1767 3533 adhibito
1789 3469 1944 3538 dicamus.

34 3598 37 3603 Δ
93 3571 263 3653 Tempora,
294 3586 428 3653 quorum
457 3568 632 3635 indicativo
663 3575 739 3651 post
767 3569 959 3651 particulam
990 3570 1104 3651 „cum“
1137 3570 1309 3636 Suetonius
1340 3569 1459 3648 utitur,
1489 3574 1565 3634 sunt
1596 3587 1759 3650 praesens,
1788 3568 1944 3651 futurum,

92 3673 237 3740 futurum
260 3678 418 3752 exactum,
440 3670 627 3753 perfectum.
672 3671 869 3737 ludicativus
899 3674 1080 3753 praesentis
1109 3690 1235 3754 semper
1265 3672 1452 3736 coniunctus
1477 3678 1528 3737 θεῖ
1554 3690 1625 3737 cum
1648 3674 1758 3739 eodem
1782 3673 1870 3738 verbi
1892 3692 1945 3738 re·
2003 3748 2006 3753 .

94 3775 201 3859 gentis
223 3781 377 3856 tempore,
400 3775 491 3841 cuius
512 3775 560 3840 rei
582 3774 818 3858 quatuor'sunt
840 3773 1004 3855 exempla:

298 3893 382 3978 Aac.
405 3894 465 3959 st:
487 3895 525 3958 ira
546 3894 660 3976 quibas
682 3943 689 3961 .
715 3943 722 3959 .
747 3914 847 3959 cam.
870 3909 878 3925 ·
899 3894 1082 3978 sipaifioare
1103 3893 1180 3973 vait,
1209 3894 1255 3959 ed
1274 3890 1354 3958 Kal
1382 3892 1527 3960 Graecas
1549 3893 1709 3959 solaturos
1730 3895 1797 3973 cit;
1820 3899 1851 3960 et
1872 3914 1945 3960 crea

296 3996 444 4061 hortetur
464 4042 473 4059 .
496 4045 503 4061 .
527 3997 667 4062 conterati
687 3997 787 4062 sinam
808 3996 866 4062 laoc
892 3993 1023 4065 Catone.
1070 3995 1186 4063 Claud.
1210 3997 1248 4062 4:
1281 3998 1336 4078 peri
1357 3998 1458 4079 possit
1480 4016 1552 4061 eum
1573 3995 1733 4061 deotarrud
1754 3995 1849 4080 camd
1853 4019 1870 4072 ς
1893 3997 1944 4062 di-

298 4119 397 4164 cere.
419 4118 516 4164 ‚aon
536 4099 636 4164 rideo.
682 4098 750 4164 Tib.
772 4101 830 4164 21:
853 4104 1056 4165 attenuatum
1088 4105 1117 4165 te
1138 4121 1205 4165 esse
1227 4148 1235 4164 .
1256 4147 1265 4164 .
1287 4119 1360 4163 eam
1391 4098 1490 4162 audio
1511 4101 1542 4161 et
1563 4097 1639 4180 depo,
1669 4097 1704 4161 di
1733 4117 1782 4162 me
1798 4097 1947 4179 perdant

298 4201 363 4266 nisi
393 4200 589 4266 cohorrescit.
637 4199 704 4267 lto.
727 4202 786 4267 67:
818 4202 903 4284 qaod
931 4223 970 4267 ec
999 4204 1143 4267 oratione
1172 4204 1241 4268 eius
1264 4251 1271 4270 .
1294 4249 1303 4266 .
1324 4200 1429 4284 collidi
1451 4204 1568 4282 potest,
1597 4197 1647 4264 cel
1674 4220 1746 4264 cam
1775 4200 1851 4264 eit.
1876 4250 1884 4265 .
1909 4221 1946 4266 se

295 4303 452 4386 futuram.

92 4408 142 4473 Ex
164 4406 215 4473 his
236 4406 316 4472 locis
338 4411 405 4472 tres
427 4406 552 4487 priores
575 4406 733 4472 actionem
757 4408 886 4489 saepius
908 4408 1077 4490 repetitam
1090 4411 1117 4483 ¹)
1140 4405 1320 4488 significant
1342 4413 1374 4472 et
1398 4405 1557 4487 particula
1579 4406 1735 4471 vertenda
1758 4411 1808 4470 est
1829 4425 1943 4486 weaa3

92 4511 126 4576 in
148 4515 311 4592 postremo
340 4506 410 4575 loco
431 4507 529 4574 verba
559 4526 651 4589 „cum
682 4510 749 4574 ait‘
781 4511 889 4590 (werra
911 4532 945 4575 er
967 4510 1051 4593 sapt)
1083 4529 1122 4576 ex
1145 4508 1288 4575 Suetonii
1320 4508 1551 4575 consuetudine
1581 4508 1754 4574 variandae
1785 4508 1944 4574 sermonis

92 4614 217 4681 formae
239 4619 310 4677 orta
331 4619 365 4678 et
387 4611 581 4678 conferenda
602 4620 678 4678 sunt
700 4630 769 4678 cum
793 4613 840 4678 eis
863 4631 944 4694 quae
968 4613 1165 4692 praecedunt
1187 4630 1246 4692 „cx
1264 4610 1411 4676 oratione
1426 4610 1532 4687 eius“;
1555 4617 1691 4692 utraque
1714 4628 1843 4676 eausam
1866 4607 1943 4675 alle·

93 4723 171 4783 runt
200 4734 239 4781 ex
269 4733 333 4796 qua
355 4713 461 4795 colligi
484 4720 592 4796 potest
614 4735 690 4780 vera
712 4733 783 4781 esse
813 4733 894 4798 quae
923 4722 1020 4780 antea
1049 4716 1190 4796 scriptor
1211 4716 1251 4780 de
1274 4712 1402 4779 Tiberio
1429 4714 1628 4786 iudicaverit,
1656 4715 1703 4778 ita
1724 4721 1761 4778 ut
1782 4712 1944 4794 particula

95 4818 207 4902 „cum“
231 4818 316 4885 idem
339 4816 407 4883 lere
430 4817 474 4882 sit
496 4820 580 4899 quod
603 4837 664 4899 „ex
686 4838 724 4885 eo
747 4819 853 4900 quod“
867 4819 905 4899 ²).
1242 4891 1243 4895 Ἰ

248 4920 403 4986 Futurum
434 4926 467 4985 θῖ
494 4918 638 4985 futurum
669 4928 813 4986 exactum
843 4939 1035 5002 quamquam
1065 4923 1096 4986 in
1129 4921 1229 5002 ipsius
1252 4918 1396 4985 Suetonii
1427 4920 1611 4985 narratione
1640 4935 1701 4982 non
1726 4917 1942 4996 inveniuntur,

20 5004 201 5092 asamar
224 5030 362 5107 quatuor
383 5022 462 5089 loeis
484 5023 641 5105 leguntur,
672 5022 726 5088 ubi
749 5024 791 5087 ad
813 5023 945 5089 verbum
968 5024 1107 5106 scriptor
1122 5023 1225 5103 affert,
1247 5040 1329 5105 quae
1352 5023 1520 5106 quisalius
1542 5022 1593 5088 vel
1614 5021 1741 5086 locutus
1763 5025 1814 5085 est
1836 5018 1885 5085 vel
1908 5020 1942 5084 in

93 5128 232 5211 epistula
254 5127 400 5206 scripsit;
432 5126 463 5189 in
494 5127 658 5191 enuntiato
681 5125 833 5208 primario
864 5133 920 5191 aut
950 5127 1091 5207 positum
1121 5131 1180 5192 aut
1201 5126 1414 5209 supplendum
1438 5133 1487 5191 est
1513 5124 1616 5189 forma
1637 5122 1727 5188 verbi
1750 5123 1791 5187 ad
1814 5129 1943 5204 tempus

93 5230 235 5297 futurum
259 5235 416 5310 spectans.

251 5489 279 5562 1)
302 5506 330 5547 v.
353 5483 536 5562 Draegar
556 5484 599 5546 H.
622 5505 651 5563 p.
674 5487 745 5561 544,
769 5485 789 5561 ξ
811 5487 883 5544 497.
905 5486 943 5545 A.
968 5489 1001 5561 13
1024 5485 1196 5546 Kiihner
1216 5485 1280 5545 11¹.
1303 5506 1332 5564 p.
1356 5485 1426 5562 880,
1450 5484 1469 5562 ἓ
1493 5485 1554 5543 202
1577 5482 1602 5545 I.
1627 5485 1655 5543 2.

248 5573 279 5647 2)
301 5592 329 5630 v.
352 5568 523 5631 Kiihner
544 5568 608 5629 11².
630 5591 659 5649 p.
682 5571 753 5647 881,
778 5571 797 5647 ,S
821 5572 882 5631 202
905 5571 930 5630 I.
953 5573 980 5631 3.
